{
  "symbol": "btcusdt",
  "timeframe": "1m",
  "candle": {
    "startTime": 1783325940000,
    "open": 63037.52,
    "high": 63062,
    "low": 63037.51,
    "close": 63061.99,
    "volume": 1028,
    "direction": "up",
    "volatility": 24.489999999997963,
    "totalVolume": 1028
  },
  "trades": {
    "count": 19221,
    "buyVolume": 28.87132000000123,
    "sellVolume": 55.29943999999655,
    "bigTrades": [
      {
        "price": 63218.01,
        "qty": 2.39716,
        "side": "sell",
        "value": 151543.6848516,
        "time": 1783325199335
      },
      {
        "price": 63209.18,
        "qty": 0.8198,
        "side": "sell",
        "value": 51818.885764,
        "time": 1783325236874
      },
      {
        "price": 63209.18,
        "qty": 1,
        "side": "sell",
        "value": 63209.18,
        "time": 1783325236874
      },
      {
        "price": 63209.18,
        "qty": 1.186,
        "side": "sell",
        "value": 74966.08748,
        "time": 1783325236875
      },
      {
        "price": 63176.02,
        "qty": 1.5873,
        "side": "sell",
        "value": 100279.296546,
        "time": 1783325307472
      },
      {
        "price": 63176.02,
        "qty": 1.5873,
        "side": "sell",
        "value": 100279.296546,
        "time": 1783325308455
      },
      {
        "price": 63176.02,
        "qty": 1.01947,
        "side": "sell",
        "value": 64406.057109400004,
        "time": 1783325309335
      },
      {
        "price": 63164.56,
        "qty": 0.88465,
        "side": "buy",
        "value": 55878.528004,
        "time": 1783325366659
      },
      {
        "price": 63113.95,
        "qty": 1.05792,
        "side": "sell",
        "value": 66769.50998399999,
        "time": 1783325470083
      },
      {
        "price": 63113.95,
        "qty": 1.29636,
        "side": "sell",
        "value": 81818.400222,
        "time": 1783325470083
      },
      {
        "price": 63011.78,
        "qty": 1.8925,
        "side": "buy",
        "value": 119249.79365,
        "time": 1783325624425
      },
      {
        "price": 63060,
        "qty": 0.80761,
        "side": "sell",
        "value": 50927.886600000005,
        "time": 1783325725260
      },
      {
        "price": 63050,
        "qty": 0.98356,
        "side": "buy",
        "value": 62013.458,
        "time": 1783325973938
      }
    ]
  },
  "depthImportant": {
    "buys": [
      {
        "side": "buy",
        "layer": 1,
        "price": 63061.99,
        "qty": 6.44027,
        "cumulative": 6.44027
      },
      {
        "side": "buy",
        "layer": 7,
        "price": 63061.52,
        "qty": 0.13145,
        "cumulative": 7.41527
      },
      {
        "side": "buy",
        "layer": 11,
        "price": 63060.71,
        "qty": 0.14018,
        "cumulative": 7.2838199999999995
      },
      {
        "side": "buy",
        "layer": 36,
        "price": 63056.28,
        "qty": 0.15897,
        "cumulative": 7.1436399999999995
      },
      {
        "side": "buy",
        "layer": 48,
        "price": 63054.56,
        "qty": 0.5444,
        "cumulative": 6.9846699999999995
      },
      {
        "side": "buy",
        "layer": 54,
        "price": 63053.86,
        "qty": 1.02694,
        "cumulative": 16.0683
      },
      {
        "side": "buy",
        "layer": 55,
        "price": 63053.85,
        "qty": 0.5702,
        "cumulative": 16.6385
      },
      {
        "side": "buy",
        "layer": 56,
        "price": 63053.84,
        "qty": 3.16733,
        "cumulative": 10.5826
      },
      {
        "side": "buy",
        "layer": 82,
        "price": 63050.03,
        "qty": 1.29143,
        "cumulative": 15.04136
      },
      {
        "side": "buy",
        "layer": 83,
        "price": 63050.02,
        "qty": 3.16733,
        "cumulative": 13.749929999999999
      },
      {
        "side": "buy",
        "layer": 131,
        "price": 63044.01,
        "qty": 1.42109,
        "cumulative": 29.02957
      },
      {
        "side": "buy",
        "layer": 138,
        "price": 63043.37,
        "qty": 3.16733,
        "cumulative": 19.80583
      },
      {
        "side": "buy",
        "layer": 164,
        "price": 63039.58,
        "qty": 1.46799,
        "cumulative": 27.60848
      },
      {
        "side": "buy",
        "layer": 166,
        "price": 63039.46,
        "qty": 3.16733,
        "cumulative": 22.97316
      },
      {
        "side": "buy",
        "layer": 198,
        "price": 63035.62,
        "qty": 3.16733,
        "cumulative": 26.14049
      },
      {
        "side": "buy",
        "layer": 241,
        "price": 63029.74,
        "qty": 3.16733,
        "cumulative": 47.629599999999996
      },
      {
        "side": "buy",
        "layer": 279,
        "price": 63021.87,
        "qty": 3.16766,
        "cumulative": 44.46227
      },
      {
        "side": "buy",
        "layer": 297,
        "price": 63017.99,
        "qty": 3.73745,
        "cumulative": 41.29461
      },
      {
        "side": "buy",
        "layer": 410,
        "price": 62996.76,
        "qty": 3.7602,
        "cumulative": 37.557159999999996
      },
      {
        "side": "buy",
        "layer": 432,
        "price": 62991.97,
        "qty": 4.76739,
        "cumulative": 33.79696
      },
      {
        "side": "buy",
        "layer": 779,
        "price": 62910.39,
        "qty": 4.77359,
        "cumulative": 73.37605
      },
      {
        "side": "buy",
        "layer": 850,
        "price": 62883.71,
        "qty": 6.63678,
        "cumulative": 54.26638
      },
      {
        "side": "buy",
        "layer": 862,
        "price": 62878.42,
        "qty": 4.77601,
        "cumulative": 68.60246000000001
      },
      {
        "side": "buy",
        "layer": 924,
        "price": 62845.01,
        "qty": 4.77855,
        "cumulative": 63.82645
      },
      {
        "side": "buy",
        "layer": 975,
        "price": 62805.89,
        "qty": 4.78152,
        "cumulative": 59.0479
      }
    ],
    "sells": [
      {
        "side": "sell",
        "layer": 1,
        "price": 63062,
        "qty": 0.68481,
        "cumulative": 0.68481
      },
      {
        "side": "sell",
        "layer": 37,
        "price": 63068.25,
        "qty": 0.42894,
        "cumulative": 2.1600699999999997
      },
      {
        "side": "sell",
        "layer": 38,
        "price": 63068.26,
        "qty": 0.4762,
        "cumulative": 1.7311299999999998
      },
      {
        "side": "sell",
        "layer": 39,
        "price": 63068.29,
        "qty": 0.57012,
        "cumulative": 1.2549299999999999
      },
      {
        "side": "sell",
        "layer": 41,
        "price": 63068.31,
        "qty": 0.22509,
        "cumulative": 2.38516
      },
      {
        "side": "sell",
        "layer": 60,
        "price": 63070.9,
        "qty": 0.20356,
        "cumulative": 4.09492
      },
      {
        "side": "sell",
        "layer": 61,
        "price": 63070.93,
        "qty": 0.57012,
        "cumulative": 2.95528
      },
      {
        "side": "sell",
        "layer": 84,
        "price": 63073.51,
        "qty": 0.36596,
        "cumulative": 3.89136
      },
      {
        "side": "sell",
        "layer": 85,
        "price": 63073.55,
        "qty": 0.57012,
        "cumulative": 3.5254000000000003
      },
      {
        "side": "sell",
        "layer": 98,
        "price": 63074.45,
        "qty": 0.09517,
        "cumulative": 4.1900900000000005
      },
      {
        "side": "sell",
        "layer": 119,
        "price": 63076.5,
        "qty": 0.57012,
        "cumulative": 10.98472
      },
      {
        "side": "sell",
        "layer": 143,
        "price": 63079.24,
        "qty": 0.79365,
        "cumulative": 9.843350000000001
      },
      {
        "side": "sell",
        "layer": 161,
        "price": 63081.92,
        "qty": 1.69228,
        "cumulative": 9.049700000000001
      },
      {
        "side": "sell",
        "layer": 174,
        "price": 63083.15,
        "qty": 3.16733,
        "cumulative": 7.357420000000001
      },
      {
        "side": "sell",
        "layer": 178,
        "price": 63084.25,
        "qty": 0.57125,
        "cumulative": 10.4146
      },
      {
        "side": "sell",
        "layer": 213,
        "price": 63089.09,
        "qty": 3.16733,
        "cumulative": 30.52821
      },
      {
        "side": "sell",
        "layer": 386,
        "price": 63118.17,
        "qty": 3.69319,
        "cumulative": 24.19144
      },
      {
        "side": "sell",
        "layer": 407,
        "price": 63122.58,
        "qty": 4.75754,
        "cumulative": 15.742259999999998
      },
      {
        "side": "sell",
        "layer": 444,
        "price": 63130.97,
        "qty": 3.16944,
        "cumulative": 27.36088
      },
      {
        "side": "sell",
        "layer": 495,
        "price": 63144.72,
        "qty": 4.75599,
        "cumulative": 20.49825
      },
      {
        "side": "sell",
        "layer": 508,
        "price": 63147.59,
        "qty": 4.75565,
        "cumulative": 35.283860000000004
      },
      {
        "side": "sell",
        "layer": 600,
        "price": 63168.52,
        "qty": 4.75407,
        "cumulative": 40.03793
      },
      {
        "side": "sell",
        "layer": 604,
        "price": 63169.5,
        "qty": 4.75401,
        "cumulative": 44.791940000000004
      },
      {
        "side": "sell",
        "layer": 608,
        "price": 63171.26,
        "qty": 4.75386,
        "cumulative": 49.54580000000001
      },
      {
        "side": "sell",
        "layer": 783,
        "price": 63228.36,
        "qty": 4.74962,
        "cumulative": 54.29542000000001
      }
    ]
  },
  "updatedAt": 1783326000363
}