{
  "symbol": "btcusdt",
  "timeframe": "1m",
  "candle": {
    "startTime": 1783338060000,
    "open": 62919.49,
    "high": 62919.49,
    "low": 62898,
    "close": 62898,
    "volume": 797,
    "direction": "down",
    "volatility": 21.489999999997963,
    "totalVolume": 797
  },
  "trades": {
    "count": 108582,
    "buyVolume": 261.3754599999564,
    "sellVolume": 228.91336999995335,
    "bigTrades": [
      {
        "price": 62859.14,
        "qty": 1.0194,
        "side": "sell",
        "value": 64078.607316,
        "time": 1783333103521
      },
      {
        "price": 62859.14,
        "qty": 0.98503,
        "side": "sell",
        "value": 61918.138674199996,
        "time": 1783333103792
      },
      {
        "price": 62856,
        "qty": 1.0194,
        "side": "buy",
        "value": 64075.40640000001,
        "time": 1783333143863
      },
      {
        "price": 62837.83,
        "qty": 1.01947,
        "side": "buy",
        "value": 64061.28255010001,
        "time": 1783333252137
      },
      {
        "price": 62876.57,
        "qty": 1.22566,
        "side": "buy",
        "value": 77065.2967862,
        "time": 1783333781160
      },
      {
        "price": 62876.57,
        "qty": 1.18937,
        "side": "buy",
        "value": 74783.5060609,
        "time": 1783333781161
      },
      {
        "price": 62883.53,
        "qty": 1.43429,
        "side": "buy",
        "value": 90193.2182437,
        "time": 1783333781194
      },
      {
        "price": 62883.54,
        "qty": 2.0898,
        "side": "buy",
        "value": 131414.021892,
        "time": 1783333781194
      },
      {
        "price": 62876,
        "qty": 0.96248,
        "side": "sell",
        "value": 60516.89248,
        "time": 1783333894957
      },
      {
        "price": 62882.02,
        "qty": 0.82074,
        "side": "buy",
        "value": 51609.7890948,
        "time": 1783333943400
      },
      {
        "price": 62979.04,
        "qty": 0.95754,
        "side": "sell",
        "value": 60304.949961599996,
        "time": 1783334049589
      },
      {
        "price": 62959.26,
        "qty": 0.80457,
        "side": "sell",
        "value": 50655.1318182,
        "time": 1783334302077
      },
      {
        "price": 62959.26,
        "qty": 1.8,
        "side": "sell",
        "value": 113326.668,
        "time": 1783334302077
      },
      {
        "price": 62959.26,
        "qty": 0.85232,
        "side": "sell",
        "value": 53661.4364832,
        "time": 1783334302078
      },
      {
        "price": 63025,
        "qty": 0.8507,
        "side": "sell",
        "value": 53615.3675,
        "time": 1783334389856
      },
      {
        "price": 63000,
        "qty": 1.01318,
        "side": "sell",
        "value": 63830.34,
        "time": 1783334434959
      },
      {
        "price": 62918.49,
        "qty": 1.0409,
        "side": "buy",
        "value": 65491.856240999994,
        "time": 1783334802646
      },
      {
        "price": 62894,
        "qty": 0.966,
        "side": "sell",
        "value": 60755.604,
        "time": 1783334929433
      },
      {
        "price": 62871.46,
        "qty": 4.21317,
        "side": "sell",
        "value": 264888.14912819996,
        "time": 1783334970246
      },
      {
        "price": 62827.8,
        "qty": 0.9888,
        "side": "buy",
        "value": 62124.12864,
        "time": 1783335003475
      },
      {
        "price": 62827.8,
        "qty": 3.18352,
        "side": "buy",
        "value": 200013.55785600003,
        "time": 1783335003477
      },
      {
        "price": 62833.43,
        "qty": 0.99935,
        "side": "buy",
        "value": 62792.5882705,
        "time": 1783335197280
      },
      {
        "price": 62840.01,
        "qty": 0.8167,
        "side": "buy",
        "value": 51321.436167,
        "time": 1783335224033
      },
      {
        "price": 62820,
        "qty": 3.18369,
        "side": "buy",
        "value": 199999.4058,
        "time": 1783335565420
      },
      {
        "price": 62871.03,
        "qty": 1.36622,
        "side": "sell",
        "value": 85895.6586066,
        "time": 1783335908214
      },
      {
        "price": 62870.71,
        "qty": 0.86668,
        "side": "sell",
        "value": 54488.7869428,
        "time": 1783335926908
      },
      {
        "price": 62870.71,
        "qty": 4.77182,
        "side": "sell",
        "value": 300007.71139219997,
        "time": 1783335928709
      },
      {
        "price": 62864.76,
        "qty": 0.91128,
        "side": "sell",
        "value": 57287.3984928,
        "time": 1783335983408
      },
      {
        "price": 62850.01,
        "qty": 0.84409,
        "side": "buy",
        "value": 53051.0649409,
        "time": 1783335991595
      },
      {
        "price": 62819.85,
        "qty": 0.87148,
        "side": "sell",
        "value": 54746.242878,
        "time": 1783336539602
      },
      {
        "price": 62819.85,
        "qty": 1.1893,
        "side": "sell",
        "value": 74711.647605,
        "time": 1783336539603
      },
      {
        "price": 62807.68,
        "qty": 0.83728,
        "side": "sell",
        "value": 52587.6143104,
        "time": 1783336572523
      },
      {
        "price": 62800,
        "qty": 1.13713,
        "side": "buy",
        "value": 71411.764,
        "time": 1783336689607
      },
      {
        "price": 62819.85,
        "qty": 1.18931,
        "side": "buy",
        "value": 74712.2758035,
        "time": 1783336751623
      },
      {
        "price": 62835.04,
        "qty": 1.20917,
        "side": "buy",
        "value": 75978.2453168,
        "time": 1783336781936
      },
      {
        "price": 62835.05,
        "qty": 3.18369,
        "side": "buy",
        "value": 200047.3203345,
        "time": 1783336781937
      },
      {
        "price": 62838.85,
        "qty": 1.29174,
        "side": "buy",
        "value": 81171.456099,
        "time": 1783336781941
      },
      {
        "price": 62976.01,
        "qty": 1.01189,
        "side": "buy",
        "value": 63724.794758899996,
        "time": 1783337629736
      },
      {
        "price": 62922.99,
        "qty": 1.39242,
        "side": "buy",
        "value": 87615.22973579999,
        "time": 1783338032710
      },
      {
        "price": 62923,
        "qty": 3.17928,
        "side": "buy",
        "value": 200049.83544,
        "time": 1783338032710
      }
    ]
  },
  "depthImportant": {
    "buys": [
      {
        "side": "buy",
        "layer": 1,
        "price": 62898,
        "qty": 1.57239,
        "cumulative": 1.57239
      },
      {
        "side": "buy",
        "layer": 32,
        "price": 62893.67,
        "qty": 0.07979,
        "cumulative": 2.04508
      },
      {
        "side": "buy",
        "layer": 36,
        "price": 62893.06,
        "qty": 0.1679,
        "cumulative": 1.96529
      },
      {
        "side": "buy",
        "layer": 39,
        "price": 62892.42,
        "qty": 0.07971,
        "cumulative": 2.12479
      },
      {
        "side": "buy",
        "layer": 48,
        "price": 62891.71,
        "qty": 0.225,
        "cumulative": 1.79739
      },
      {
        "side": "buy",
        "layer": 60,
        "price": 62890.57,
        "qty": 1.02806,
        "cumulative": 6.332599999999999
      },
      {
        "side": "buy",
        "layer": 72,
        "price": 62889.04,
        "qty": 0.57196,
        "cumulative": 7.477579999999999
      },
      {
        "side": "buy",
        "layer": 73,
        "price": 62889.03,
        "qty": 3.17975,
        "cumulative": 5.304539999999999
      },
      {
        "side": "buy",
        "layer": 99,
        "price": 62886.25,
        "qty": 0.57196,
        "cumulative": 8.049539999999999
      },
      {
        "side": "buy",
        "layer": 100,
        "price": 62886.23,
        "qty": 0.57302,
        "cumulative": 6.905619999999999
      },
      {
        "side": "buy",
        "layer": 116,
        "price": 62884.7,
        "qty": 1.95688,
        "cumulative": 16.37858
      },
      {
        "side": "buy",
        "layer": 117,
        "price": 62884.69,
        "qty": 3.19245,
        "cumulative": 11.241989999999998
      },
      {
        "side": "buy",
        "layer": 118,
        "price": 62884.67,
        "qty": 0.59687,
        "cumulative": 18.270789999999998
      },
      {
        "side": "buy",
        "layer": 146,
        "price": 62881.54,
        "qty": 1.29534,
        "cumulative": 17.67392
      },
      {
        "side": "buy",
        "layer": 157,
        "price": 62879.38,
        "qty": 3.17971,
        "cumulative": 14.421699999999998
      },
      {
        "side": "buy",
        "layer": 238,
        "price": 62868.78,
        "qty": 3.17924,
        "cumulative": 36.600139999999996
      },
      {
        "side": "buy",
        "layer": 422,
        "price": 62839.62,
        "qty": 3.17965,
        "cumulative": 30.241259999999993
      },
      {
        "side": "buy",
        "layer": 435,
        "price": 62837.17,
        "qty": 4.77894,
        "cumulative": 23.049729999999997
      },
      {
        "side": "buy",
        "layer": 457,
        "price": 62832.38,
        "qty": 4.01188,
        "cumulative": 27.061609999999995
      },
      {
        "side": "buy",
        "layer": 491,
        "price": 62825.78,
        "qty": 3.17964,
        "cumulative": 33.420899999999996
      },
      {
        "side": "buy",
        "layer": 572,
        "price": 62808.57,
        "qty": 4.82659,
        "cumulative": 79.32399
      },
      {
        "side": "buy",
        "layer": 594,
        "price": 62802.9,
        "qty": 7.26891,
        "cumulative": 67.90501
      },
      {
        "side": "buy",
        "layer": 610,
        "price": 62800,
        "qty": 24.03596,
        "cumulative": 60.6361
      },
      {
        "side": "buy",
        "layer": 857,
        "price": 62740.96,
        "qty": 6.59239,
        "cumulative": 74.4974
      },
      {
        "side": "buy",
        "layer": 879,
        "price": 62737.75,
        "qty": 4.78652,
        "cumulative": 84.11050999999999
      }
    ],
    "sells": [
      {
        "side": "sell",
        "layer": 1,
        "price": 62898.01,
        "qty": 1.66911,
        "cumulative": 1.66911
      },
      {
        "side": "sell",
        "layer": 13,
        "price": 62899.23,
        "qty": 0.08832,
        "cumulative": 2.7142500000000003
      },
      {
        "side": "sell",
        "layer": 35,
        "price": 62901.72,
        "qty": 0.30874,
        "cumulative": 2.5336800000000004
      },
      {
        "side": "sell",
        "layer": 44,
        "price": 62902.97,
        "qty": 0.55583,
        "cumulative": 2.22494
      },
      {
        "side": "sell",
        "layer": 48,
        "price": 62903.5,
        "qty": 0.09225,
        "cumulative": 2.6259300000000003
      },
      {
        "side": "sell",
        "layer": 51,
        "price": 62903.98,
        "qty": 0.57196,
        "cumulative": 8.32707
      },
      {
        "side": "sell",
        "layer": 52,
        "price": 62903.99,
        "qty": 0.65934,
        "cumulative": 7.75511
      },
      {
        "side": "sell",
        "layer": 73,
        "price": 62906.75,
        "qty": 0.57196,
        "cumulative": 8.899030000000002
      },
      {
        "side": "sell",
        "layer": 84,
        "price": 62908.45,
        "qty": 1.20177,
        "cumulative": 7.09577
      },
      {
        "side": "sell",
        "layer": 87,
        "price": 62909.27,
        "qty": 3.17975,
        "cumulative": 5.894
      },
      {
        "side": "sell",
        "layer": 129,
        "price": 62913.17,
        "qty": 1.45724,
        "cumulative": 15.31567
      },
      {
        "side": "sell",
        "layer": 143,
        "price": 62916.01,
        "qty": 3.17866,
        "cumulative": 12.07769
      },
      {
        "side": "sell",
        "layer": 171,
        "price": 62919.39,
        "qty": 0.89289,
        "cumulative": 17.31557
      },
      {
        "side": "sell",
        "layer": 185,
        "price": 62920.84,
        "qty": 1.10701,
        "cumulative": 16.42268
      },
      {
        "side": "sell",
        "layer": 197,
        "price": 62923.07,
        "qty": 1.78074,
        "cumulative": 13.85843
      },
      {
        "side": "sell",
        "layer": 331,
        "price": 62944.29,
        "qty": 3.7512,
        "cumulative": 33.57607
      },
      {
        "side": "sell",
        "layer": 404,
        "price": 62957.37,
        "qty": 3.18546,
        "cumulative": 36.76153
      },
      {
        "side": "sell",
        "layer": 419,
        "price": 62960.76,
        "qty": 3.76235,
        "cumulative": 29.82487
      },
      {
        "side": "sell",
        "layer": 435,
        "price": 62963.87,
        "qty": 3.97817,
        "cumulative": 26.06252
      },
      {
        "side": "sell",
        "layer": 475,
        "price": 62971.07,
        "qty": 4.76878,
        "cumulative": 22.08435
      },
      {
        "side": "sell",
        "layer": 727,
        "price": 63024.72,
        "qty": 4.76472,
        "cumulative": 48.09459
      },
      {
        "side": "sell",
        "layer": 728,
        "price": 63024.97,
        "qty": 4.7647,
        "cumulative": 52.859289999999994
      },
      {
        "side": "sell",
        "layer": 730,
        "price": 63025.17,
        "qty": 4.76469,
        "cumulative": 57.623979999999996
      },
      {
        "side": "sell",
        "layer": 845,
        "price": 63045.25,
        "qty": 4.76317,
        "cumulative": 62.38715
      },
      {
        "side": "sell",
        "layer": 866,
        "price": 63049.17,
        "qty": 6.56834,
        "cumulative": 43.32987
      }
    ]
  },
  "updatedAt": 1783338120103
}