{
  "symbol": "btcusdt",
  "timeframe": "1m",
  "candle": {
    "startTime": 1783335840000,
    "open": 62870,
    "high": 62877.25,
    "low": 62869.99,
    "close": 62877.25,
    "volume": 576,
    "direction": "up",
    "volatility": 7.260000000002037,
    "totalVolume": 576
  },
  "trades": {
    "count": 71640,
    "buyVolume": 147.15068999997123,
    "sellVolume": 163.70397999997172,
    "bigTrades": [
      {
        "price": 62859.14,
        "qty": 1.0194,
        "side": "sell",
        "value": 64078.607316,
        "time": 1783333103521
      },
      {
        "price": 62859.14,
        "qty": 0.98503,
        "side": "sell",
        "value": 61918.138674199996,
        "time": 1783333103792
      },
      {
        "price": 62856,
        "qty": 1.0194,
        "side": "buy",
        "value": 64075.40640000001,
        "time": 1783333143863
      },
      {
        "price": 62837.83,
        "qty": 1.01947,
        "side": "buy",
        "value": 64061.28255010001,
        "time": 1783333252137
      },
      {
        "price": 62876.57,
        "qty": 1.22566,
        "side": "buy",
        "value": 77065.2967862,
        "time": 1783333781160
      },
      {
        "price": 62876.57,
        "qty": 1.18937,
        "side": "buy",
        "value": 74783.5060609,
        "time": 1783333781161
      },
      {
        "price": 62883.53,
        "qty": 1.43429,
        "side": "buy",
        "value": 90193.2182437,
        "time": 1783333781194
      },
      {
        "price": 62883.54,
        "qty": 2.0898,
        "side": "buy",
        "value": 131414.021892,
        "time": 1783333781194
      },
      {
        "price": 62876,
        "qty": 0.96248,
        "side": "sell",
        "value": 60516.89248,
        "time": 1783333894957
      },
      {
        "price": 62882.02,
        "qty": 0.82074,
        "side": "buy",
        "value": 51609.7890948,
        "time": 1783333943400
      },
      {
        "price": 62979.04,
        "qty": 0.95754,
        "side": "sell",
        "value": 60304.949961599996,
        "time": 1783334049589
      },
      {
        "price": 62959.26,
        "qty": 0.80457,
        "side": "sell",
        "value": 50655.1318182,
        "time": 1783334302077
      },
      {
        "price": 62959.26,
        "qty": 1.8,
        "side": "sell",
        "value": 113326.668,
        "time": 1783334302077
      },
      {
        "price": 62959.26,
        "qty": 0.85232,
        "side": "sell",
        "value": 53661.4364832,
        "time": 1783334302078
      },
      {
        "price": 63025,
        "qty": 0.8507,
        "side": "sell",
        "value": 53615.3675,
        "time": 1783334389856
      },
      {
        "price": 63000,
        "qty": 1.01318,
        "side": "sell",
        "value": 63830.34,
        "time": 1783334434959
      },
      {
        "price": 62918.49,
        "qty": 1.0409,
        "side": "buy",
        "value": 65491.856240999994,
        "time": 1783334802646
      },
      {
        "price": 62894,
        "qty": 0.966,
        "side": "sell",
        "value": 60755.604,
        "time": 1783334929433
      },
      {
        "price": 62871.46,
        "qty": 4.21317,
        "side": "sell",
        "value": 264888.14912819996,
        "time": 1783334970246
      },
      {
        "price": 62827.8,
        "qty": 0.9888,
        "side": "buy",
        "value": 62124.12864,
        "time": 1783335003475
      },
      {
        "price": 62827.8,
        "qty": 3.18352,
        "side": "buy",
        "value": 200013.55785600003,
        "time": 1783335003477
      },
      {
        "price": 62833.43,
        "qty": 0.99935,
        "side": "buy",
        "value": 62792.5882705,
        "time": 1783335197280
      },
      {
        "price": 62840.01,
        "qty": 0.8167,
        "side": "buy",
        "value": 51321.436167,
        "time": 1783335224033
      },
      {
        "price": 62820,
        "qty": 3.18369,
        "side": "buy",
        "value": 199999.4058,
        "time": 1783335565420
      }
    ]
  },
  "depthImportant": {
    "buys": [
      {
        "side": "buy",
        "layer": 37,
        "price": 62871.04,
        "qty": 1.54344,
        "cumulative": 6.31494
      },
      {
        "side": "buy",
        "layer": 38,
        "price": 62871.03,
        "qty": 4.7715,
        "cumulative": 4.7715
      },
      {
        "side": "buy",
        "layer": 41,
        "price": 62869.99,
        "qty": 0.09986,
        "cumulative": 6.57335
      },
      {
        "side": "buy",
        "layer": 49,
        "price": 62868.26,
        "qty": 0.09888,
        "cumulative": 6.67223
      },
      {
        "side": "buy",
        "layer": 50,
        "price": 62868.25,
        "qty": 0.15855,
        "cumulative": 6.47349
      },
      {
        "side": "buy",
        "layer": 75,
        "price": 62864.96,
        "qty": 0.23856,
        "cumulative": 7.665729999999999
      },
      {
        "side": "buy",
        "layer": 77,
        "price": 62864.68,
        "qty": 0.08701,
        "cumulative": 7.977739999999999
      },
      {
        "side": "buy",
        "layer": 92,
        "price": 62863.7,
        "qty": 0.225,
        "cumulative": 7.890729999999999
      },
      {
        "side": "buy",
        "layer": 93,
        "price": 62863.56,
        "qty": 0.47671,
        "cumulative": 7.14894
      },
      {
        "side": "buy",
        "layer": 100,
        "price": 62862.78,
        "qty": 0.27823,
        "cumulative": 7.427169999999999
      },
      {
        "side": "buy",
        "layer": 119,
        "price": 62859.31,
        "qty": 1.15057,
        "cumulative": 19.94889
      },
      {
        "side": "buy",
        "layer": 120,
        "price": 62859.3,
        "qty": 3.1808,
        "cumulative": 17.52185
      },
      {
        "side": "buy",
        "layer": 146,
        "price": 62855.91,
        "qty": 1.27647,
        "cumulative": 18.79832
      },
      {
        "side": "buy",
        "layer": 154,
        "price": 62854.54,
        "qty": 3.18147,
        "cumulative": 14.34105
      },
      {
        "side": "buy",
        "layer": 191,
        "price": 62849.83,
        "qty": 3.18184,
        "cumulative": 11.159579999999998
      },
      {
        "side": "buy",
        "layer": 211,
        "price": 62845.56,
        "qty": 3.18184,
        "cumulative": 37.45921
      },
      {
        "side": "buy",
        "layer": 249,
        "price": 62840.28,
        "qty": 3.1823,
        "cumulative": 34.27737
      },
      {
        "side": "buy",
        "layer": 270,
        "price": 62836.05,
        "qty": 3.18248,
        "cumulative": 27.91259
      },
      {
        "side": "buy",
        "layer": 307,
        "price": 62830.73,
        "qty": 3.18248,
        "cumulative": 31.09507
      },
      {
        "side": "buy",
        "layer": 433,
        "price": 62807.94,
        "qty": 4.78122,
        "cumulative": 24.73011
      },
      {
        "side": "buy",
        "layer": 595,
        "price": 62777.77,
        "qty": 3.77332,
        "cumulative": 62.2083
      },
      {
        "side": "buy",
        "layer": 740,
        "price": 62749.31,
        "qty": 4.78569,
        "cumulative": 58.43498
      },
      {
        "side": "buy",
        "layer": 859,
        "price": 62725.71,
        "qty": 6.61397,
        "cumulative": 44.07318
      },
      {
        "side": "buy",
        "layer": 866,
        "price": 62724.72,
        "qty": 4.78761,
        "cumulative": 53.64929
      },
      {
        "side": "buy",
        "layer": 924,
        "price": 62712.46,
        "qty": 4.7885,
        "cumulative": 48.86168
      }
    ],
    "sells": [
      {
        "side": "sell",
        "layer": 1,
        "price": 62877.25,
        "qty": 2.1424,
        "cumulative": 2.1424
      },
      {
        "side": "sell",
        "layer": 7,
        "price": 62877.57,
        "qty": 0.47689,
        "cumulative": 3.94648
      },
      {
        "side": "sell",
        "layer": 40,
        "price": 62882.25,
        "qty": 0.47671,
        "cumulative": 4.42319
      },
      {
        "side": "sell",
        "layer": 45,
        "price": 62882.42,
        "qty": 1.32719,
        "cumulative": 3.46959
      },
      {
        "side": "sell",
        "layer": 48,
        "price": 62882.8,
        "qty": 0.4762,
        "cumulative": 4.89939
      },
      {
        "side": "sell",
        "layer": 59,
        "price": 62883.99,
        "qty": 3.1808,
        "cumulative": 8.08019
      },
      {
        "side": "sell",
        "layer": 67,
        "price": 62884.78,
        "qty": 1.91162,
        "cumulative": 13.172609999999999
      },
      {
        "side": "sell",
        "layer": 76,
        "price": 62885.82,
        "qty": 0.79604,
        "cumulative": 15.571559999999998
      },
      {
        "side": "sell",
        "layer": 77,
        "price": 62885.83,
        "qty": 1.60291,
        "cumulative": 14.775519999999998
      },
      {
        "side": "sell",
        "layer": 96,
        "price": 62887.77,
        "qty": 3.1808,
        "cumulative": 11.26099
      },
      {
        "side": "sell",
        "layer": 128,
        "price": 62891.18,
        "qty": 2.0422,
        "cumulative": 23.97751
      },
      {
        "side": "sell",
        "layer": 131,
        "price": 62891.58,
        "qty": 3.1808,
        "cumulative": 21.935309999999998
      },
      {
        "side": "sell",
        "layer": 164,
        "price": 62895.4,
        "qty": 3.18295,
        "cumulative": 18.754509999999996
      },
      {
        "side": "sell",
        "layer": 195,
        "price": 62900.79,
        "qty": 1.21556,
        "cumulative": 26.76853
      },
      {
        "side": "sell",
        "layer": 200,
        "price": 62901.24,
        "qty": 1.57546,
        "cumulative": 25.55297
      },
      {
        "side": "sell",
        "layer": 208,
        "price": 62902.95,
        "qty": 3.18295,
        "cumulative": 37.658609999999996
      },
      {
        "side": "sell",
        "layer": 265,
        "price": 62910.34,
        "qty": 3.18248,
        "cumulative": 40.841089999999994
      },
      {
        "side": "sell",
        "layer": 285,
        "price": 62915.54,
        "qty": 3.1823,
        "cumulative": 44.02338999999999
      },
      {
        "side": "sell",
        "layer": 315,
        "price": 62921.08,
        "qty": 3.76472,
        "cumulative": 34.47566
      },
      {
        "side": "sell",
        "layer": 422,
        "price": 62938.64,
        "qty": 3.94241,
        "cumulative": 30.710939999999997
      },
      {
        "side": "sell",
        "layer": 504,
        "price": 62958.19,
        "qty": 4.76981,
        "cumulative": 55.04106999999999
      },
      {
        "side": "sell",
        "layer": 532,
        "price": 62964.2,
        "qty": 4.76935,
        "cumulative": 59.81041999999999
      },
      {
        "side": "sell",
        "layer": 626,
        "price": 62985.23,
        "qty": 4.76776,
        "cumulative": 64.57817999999999
      },
      {
        "side": "sell",
        "layer": 671,
        "price": 62996.97,
        "qty": 4.76687,
        "cumulative": 69.34504999999999
      },
      {
        "side": "sell",
        "layer": 810,
        "price": 63031.93,
        "qty": 6.24787,
        "cumulative": 50.27125999999999
      }
    ]
  },
  "updatedAt": 1783335900206
}