{
  "symbol": "btcusdt",
  "timeframe": "1m",
  "candle": {
    "startTime": 1783337940000,
    "open": 62890.01,
    "high": 62895.88,
    "low": 62877.05,
    "close": 62885.99,
    "volume": 1146,
    "direction": "down",
    "volatility": 18.82999999999447,
    "totalVolume": 1146
  },
  "trades": {
    "count": 106451,
    "buyVolume": 242.87141999995671,
    "sellVolume": 226.0424599999546,
    "bigTrades": [
      {
        "price": 62859.14,
        "qty": 1.0194,
        "side": "sell",
        "value": 64078.607316,
        "time": 1783333103521
      },
      {
        "price": 62859.14,
        "qty": 0.98503,
        "side": "sell",
        "value": 61918.138674199996,
        "time": 1783333103792
      },
      {
        "price": 62856,
        "qty": 1.0194,
        "side": "buy",
        "value": 64075.40640000001,
        "time": 1783333143863
      },
      {
        "price": 62837.83,
        "qty": 1.01947,
        "side": "buy",
        "value": 64061.28255010001,
        "time": 1783333252137
      },
      {
        "price": 62876.57,
        "qty": 1.22566,
        "side": "buy",
        "value": 77065.2967862,
        "time": 1783333781160
      },
      {
        "price": 62876.57,
        "qty": 1.18937,
        "side": "buy",
        "value": 74783.5060609,
        "time": 1783333781161
      },
      {
        "price": 62883.53,
        "qty": 1.43429,
        "side": "buy",
        "value": 90193.2182437,
        "time": 1783333781194
      },
      {
        "price": 62883.54,
        "qty": 2.0898,
        "side": "buy",
        "value": 131414.021892,
        "time": 1783333781194
      },
      {
        "price": 62876,
        "qty": 0.96248,
        "side": "sell",
        "value": 60516.89248,
        "time": 1783333894957
      },
      {
        "price": 62882.02,
        "qty": 0.82074,
        "side": "buy",
        "value": 51609.7890948,
        "time": 1783333943400
      },
      {
        "price": 62979.04,
        "qty": 0.95754,
        "side": "sell",
        "value": 60304.949961599996,
        "time": 1783334049589
      },
      {
        "price": 62959.26,
        "qty": 0.80457,
        "side": "sell",
        "value": 50655.1318182,
        "time": 1783334302077
      },
      {
        "price": 62959.26,
        "qty": 1.8,
        "side": "sell",
        "value": 113326.668,
        "time": 1783334302077
      },
      {
        "price": 62959.26,
        "qty": 0.85232,
        "side": "sell",
        "value": 53661.4364832,
        "time": 1783334302078
      },
      {
        "price": 63025,
        "qty": 0.8507,
        "side": "sell",
        "value": 53615.3675,
        "time": 1783334389856
      },
      {
        "price": 63000,
        "qty": 1.01318,
        "side": "sell",
        "value": 63830.34,
        "time": 1783334434959
      },
      {
        "price": 62918.49,
        "qty": 1.0409,
        "side": "buy",
        "value": 65491.856240999994,
        "time": 1783334802646
      },
      {
        "price": 62894,
        "qty": 0.966,
        "side": "sell",
        "value": 60755.604,
        "time": 1783334929433
      },
      {
        "price": 62871.46,
        "qty": 4.21317,
        "side": "sell",
        "value": 264888.14912819996,
        "time": 1783334970246
      },
      {
        "price": 62827.8,
        "qty": 0.9888,
        "side": "buy",
        "value": 62124.12864,
        "time": 1783335003475
      },
      {
        "price": 62827.8,
        "qty": 3.18352,
        "side": "buy",
        "value": 200013.55785600003,
        "time": 1783335003477
      },
      {
        "price": 62833.43,
        "qty": 0.99935,
        "side": "buy",
        "value": 62792.5882705,
        "time": 1783335197280
      },
      {
        "price": 62840.01,
        "qty": 0.8167,
        "side": "buy",
        "value": 51321.436167,
        "time": 1783335224033
      },
      {
        "price": 62820,
        "qty": 3.18369,
        "side": "buy",
        "value": 199999.4058,
        "time": 1783335565420
      },
      {
        "price": 62871.03,
        "qty": 1.36622,
        "side": "sell",
        "value": 85895.6586066,
        "time": 1783335908214
      },
      {
        "price": 62870.71,
        "qty": 0.86668,
        "side": "sell",
        "value": 54488.7869428,
        "time": 1783335926908
      },
      {
        "price": 62870.71,
        "qty": 4.77182,
        "side": "sell",
        "value": 300007.71139219997,
        "time": 1783335928709
      },
      {
        "price": 62864.76,
        "qty": 0.91128,
        "side": "sell",
        "value": 57287.3984928,
        "time": 1783335983408
      },
      {
        "price": 62850.01,
        "qty": 0.84409,
        "side": "buy",
        "value": 53051.0649409,
        "time": 1783335991595
      },
      {
        "price": 62819.85,
        "qty": 0.87148,
        "side": "sell",
        "value": 54746.242878,
        "time": 1783336539602
      },
      {
        "price": 62819.85,
        "qty": 1.1893,
        "side": "sell",
        "value": 74711.647605,
        "time": 1783336539603
      },
      {
        "price": 62807.68,
        "qty": 0.83728,
        "side": "sell",
        "value": 52587.6143104,
        "time": 1783336572523
      },
      {
        "price": 62800,
        "qty": 1.13713,
        "side": "buy",
        "value": 71411.764,
        "time": 1783336689607
      },
      {
        "price": 62819.85,
        "qty": 1.18931,
        "side": "buy",
        "value": 74712.2758035,
        "time": 1783336751623
      },
      {
        "price": 62835.04,
        "qty": 1.20917,
        "side": "buy",
        "value": 75978.2453168,
        "time": 1783336781936
      },
      {
        "price": 62835.05,
        "qty": 3.18369,
        "side": "buy",
        "value": 200047.3203345,
        "time": 1783336781937
      },
      {
        "price": 62838.85,
        "qty": 1.29174,
        "side": "buy",
        "value": 81171.456099,
        "time": 1783336781941
      },
      {
        "price": 62976.01,
        "qty": 1.01189,
        "side": "buy",
        "value": 63724.794758899996,
        "time": 1783337629736
      }
    ]
  },
  "depthImportant": {
    "buys": [
      {
        "side": "buy",
        "layer": 1,
        "price": 62885.99,
        "qty": 4.45995,
        "cumulative": 4.45995
      },
      {
        "side": "buy",
        "layer": 38,
        "price": 62878.57,
        "qty": 0.597,
        "cumulative": 9.758
      },
      {
        "side": "buy",
        "layer": 46,
        "price": 62878.03,
        "qty": 1.44524,
        "cumulative": 9.161
      },
      {
        "side": "buy",
        "layer": 47,
        "price": 62878.02,
        "qty": 3.25581,
        "cumulative": 7.7157599999999995
      },
      {
        "side": "buy",
        "layer": 50,
        "price": 62877.98,
        "qty": 0.58493,
        "cumulative": 10.342929999999999
      },
      {
        "side": "buy",
        "layer": 74,
        "price": 62875.59,
        "qty": 0.57312,
        "cumulative": 16.21516
      },
      {
        "side": "buy",
        "layer": 87,
        "price": 62874.49,
        "qty": 0.57196,
        "cumulative": 16.78712
      },
      {
        "side": "buy",
        "layer": 88,
        "price": 62874.47,
        "qty": 1.4583,
        "cumulative": 14.98204
      },
      {
        "side": "buy",
        "layer": 89,
        "price": 62874.08,
        "qty": 0.66,
        "cumulative": 15.64204
      },
      {
        "side": "buy",
        "layer": 99,
        "price": 62873.17,
        "qty": 3.18081,
        "cumulative": 13.52374
      },
      {
        "side": "buy",
        "layer": 131,
        "price": 62868.77,
        "qty": 1.8065,
        "cumulative": 29.058320000000002
      },
      {
        "side": "buy",
        "layer": 132,
        "price": 62868.76,
        "qty": 3.18081,
        "cumulative": 24.07101
      },
      {
        "side": "buy",
        "layer": 161,
        "price": 62864.21,
        "qty": 3.18081,
        "cumulative": 27.251820000000002
      },
      {
        "side": "buy",
        "layer": 194,
        "price": 62859.6,
        "qty": 4.10308,
        "cumulative": 20.8902
      },
      {
        "side": "buy",
        "layer": 197,
        "price": 62859.28,
        "qty": 1.57649,
        "cumulative": 30.63481
      },
      {
        "side": "buy",
        "layer": 242,
        "price": 62852.03,
        "qty": 3.17914,
        "cumulative": 36.9938
      },
      {
        "side": "buy",
        "layer": 274,
        "price": 62847.71,
        "qty": 3.17874,
        "cumulative": 43.351679999999995
      },
      {
        "side": "buy",
        "layer": 327,
        "price": 62839.75,
        "qty": 3.17914,
        "cumulative": 40.17294
      },
      {
        "side": "buy",
        "layer": 382,
        "price": 62831.85,
        "qty": 3.17985,
        "cumulative": 33.81466
      },
      {
        "side": "buy",
        "layer": 450,
        "price": 62818.14,
        "qty": 2.48051,
        "cumulative": 45.83219
      },
      {
        "side": "buy",
        "layer": 581,
        "price": 62791.56,
        "qty": 4.78236,
        "cumulative": 71.59373000000001
      },
      {
        "side": "buy",
        "layer": 660,
        "price": 62772.99,
        "qty": 4.78378,
        "cumulative": 66.81137000000001
      },
      {
        "side": "buy",
        "layer": 819,
        "price": 62737.75,
        "qty": 4.78652,
        "cumulative": 62.027590000000004
      },
      {
        "side": "buy",
        "layer": 826,
        "price": 62735.94,
        "qty": 6.61988,
        "cumulative": 52.45207
      },
      {
        "side": "buy",
        "layer": 951,
        "price": 62704.51,
        "qty": 4.789,
        "cumulative": 57.24107
      }
    ],
    "sells": [
      {
        "side": "sell",
        "layer": 1,
        "price": 62886,
        "qty": 1.47605,
        "cumulative": 1.47605
      },
      {
        "side": "sell",
        "layer": 10,
        "price": 62887.93,
        "qty": 0.28109,
        "cumulative": 2.82981
      },
      {
        "side": "sell",
        "layer": 32,
        "price": 62890.97,
        "qty": 0.47638,
        "cumulative": 2.5487200000000003
      },
      {
        "side": "sell",
        "layer": 37,
        "price": 62891.07,
        "qty": 0.24737,
        "cumulative": 3.0771800000000002
      },
      {
        "side": "sell",
        "layer": 40,
        "price": 62892,
        "qty": 0.59629,
        "cumulative": 2.07234
      },
      {
        "side": "sell",
        "layer": 68,
        "price": 62895.87,
        "qty": 0.57196,
        "cumulative": 8.812540000000002
      },
      {
        "side": "sell",
        "layer": 85,
        "price": 62897.7,
        "qty": 1.98259,
        "cumulative": 8.240580000000001
      },
      {
        "side": "sell",
        "layer": 86,
        "price": 62897.71,
        "qty": 3.18081,
        "cumulative": 6.25799
      },
      {
        "side": "sell",
        "layer": 88,
        "price": 62897.73,
        "qty": 0.4762,
        "cumulative": 9.288740000000002
      },
      {
        "side": "sell",
        "layer": 98,
        "price": 62898.73,
        "qty": 0.34942,
        "cumulative": 9.638160000000003
      },
      {
        "side": "sell",
        "layer": 123,
        "price": 62902.04,
        "qty": 3.17985,
        "cumulative": 15.998160000000002
      },
      {
        "side": "sell",
        "layer": 136,
        "price": 62903.99,
        "qty": 1.72531,
        "cumulative": 23.07151
      },
      {
        "side": "sell",
        "layer": 154,
        "price": 62905.95,
        "qty": 3.17985,
        "cumulative": 19.17801
      },
      {
        "side": "sell",
        "layer": 182,
        "price": 62909.95,
        "qty": 2.16819,
        "cumulative": 21.3462
      },
      {
        "side": "sell",
        "layer": 183,
        "price": 62909.96,
        "qty": 3.18015,
        "cumulative": 12.818310000000002
      },
      {
        "side": "sell",
        "layer": 342,
        "price": 62936.96,
        "qty": 3.18081,
        "cumulative": 38.765550000000005
      },
      {
        "side": "sell",
        "layer": 351,
        "price": 62938.03,
        "qty": 3.97965,
        "cumulative": 31.82149
      },
      {
        "side": "sell",
        "layer": 389,
        "price": 62944.51,
        "qty": 3.18081,
        "cumulative": 41.946360000000006
      },
      {
        "side": "sell",
        "layer": 394,
        "price": 62945.76,
        "qty": 3.76325,
        "cumulative": 35.584740000000004
      },
      {
        "side": "sell",
        "layer": 415,
        "price": 62950.61,
        "qty": 4.77033,
        "cumulative": 27.84184
      },
      {
        "side": "sell",
        "layer": 549,
        "price": 62978.4,
        "qty": 1.5735,
        "cumulative": 64.49430000000001
      },
      {
        "side": "sell",
        "layer": 676,
        "price": 63007.43,
        "qty": 4.76649,
        "cumulative": 53.39106
      },
      {
        "side": "sell",
        "layer": 702,
        "price": 63013.88,
        "qty": 4.76554,
        "cumulative": 58.156600000000005
      },
      {
        "side": "sell",
        "layer": 789,
        "price": 63030.95,
        "qty": 4.7642,
        "cumulative": 62.92080000000001
      },
      {
        "side": "sell",
        "layer": 865,
        "price": 63043.46,
        "qty": 6.67821,
        "cumulative": 48.624570000000006
      }
    ]
  },
  "updatedAt": 1783338000548
}