{
  "symbol": "btcusdt",
  "timeframe": "1m",
  "candle": {
    "startTime": 1783337700000,
    "open": 62956.72,
    "high": 62960,
    "low": 62946,
    "close": 62946.01,
    "volume": 674,
    "direction": "down",
    "volatility": 14,
    "totalVolume": 674
  },
  "trades": {
    "count": 102155,
    "buyVolume": 237.43435999995776,
    "sellVolume": 220.87411999995737,
    "bigTrades": [
      {
        "price": 62859.14,
        "qty": 1.0194,
        "side": "sell",
        "value": 64078.607316,
        "time": 1783333103521
      },
      {
        "price": 62859.14,
        "qty": 0.98503,
        "side": "sell",
        "value": 61918.138674199996,
        "time": 1783333103792
      },
      {
        "price": 62856,
        "qty": 1.0194,
        "side": "buy",
        "value": 64075.40640000001,
        "time": 1783333143863
      },
      {
        "price": 62837.83,
        "qty": 1.01947,
        "side": "buy",
        "value": 64061.28255010001,
        "time": 1783333252137
      },
      {
        "price": 62876.57,
        "qty": 1.22566,
        "side": "buy",
        "value": 77065.2967862,
        "time": 1783333781160
      },
      {
        "price": 62876.57,
        "qty": 1.18937,
        "side": "buy",
        "value": 74783.5060609,
        "time": 1783333781161
      },
      {
        "price": 62883.53,
        "qty": 1.43429,
        "side": "buy",
        "value": 90193.2182437,
        "time": 1783333781194
      },
      {
        "price": 62883.54,
        "qty": 2.0898,
        "side": "buy",
        "value": 131414.021892,
        "time": 1783333781194
      },
      {
        "price": 62876,
        "qty": 0.96248,
        "side": "sell",
        "value": 60516.89248,
        "time": 1783333894957
      },
      {
        "price": 62882.02,
        "qty": 0.82074,
        "side": "buy",
        "value": 51609.7890948,
        "time": 1783333943400
      },
      {
        "price": 62979.04,
        "qty": 0.95754,
        "side": "sell",
        "value": 60304.949961599996,
        "time": 1783334049589
      },
      {
        "price": 62959.26,
        "qty": 0.80457,
        "side": "sell",
        "value": 50655.1318182,
        "time": 1783334302077
      },
      {
        "price": 62959.26,
        "qty": 1.8,
        "side": "sell",
        "value": 113326.668,
        "time": 1783334302077
      },
      {
        "price": 62959.26,
        "qty": 0.85232,
        "side": "sell",
        "value": 53661.4364832,
        "time": 1783334302078
      },
      {
        "price": 63025,
        "qty": 0.8507,
        "side": "sell",
        "value": 53615.3675,
        "time": 1783334389856
      },
      {
        "price": 63000,
        "qty": 1.01318,
        "side": "sell",
        "value": 63830.34,
        "time": 1783334434959
      },
      {
        "price": 62918.49,
        "qty": 1.0409,
        "side": "buy",
        "value": 65491.856240999994,
        "time": 1783334802646
      },
      {
        "price": 62894,
        "qty": 0.966,
        "side": "sell",
        "value": 60755.604,
        "time": 1783334929433
      },
      {
        "price": 62871.46,
        "qty": 4.21317,
        "side": "sell",
        "value": 264888.14912819996,
        "time": 1783334970246
      },
      {
        "price": 62827.8,
        "qty": 0.9888,
        "side": "buy",
        "value": 62124.12864,
        "time": 1783335003475
      },
      {
        "price": 62827.8,
        "qty": 3.18352,
        "side": "buy",
        "value": 200013.55785600003,
        "time": 1783335003477
      },
      {
        "price": 62833.43,
        "qty": 0.99935,
        "side": "buy",
        "value": 62792.5882705,
        "time": 1783335197280
      },
      {
        "price": 62840.01,
        "qty": 0.8167,
        "side": "buy",
        "value": 51321.436167,
        "time": 1783335224033
      },
      {
        "price": 62820,
        "qty": 3.18369,
        "side": "buy",
        "value": 199999.4058,
        "time": 1783335565420
      },
      {
        "price": 62871.03,
        "qty": 1.36622,
        "side": "sell",
        "value": 85895.6586066,
        "time": 1783335908214
      },
      {
        "price": 62870.71,
        "qty": 0.86668,
        "side": "sell",
        "value": 54488.7869428,
        "time": 1783335926908
      },
      {
        "price": 62870.71,
        "qty": 4.77182,
        "side": "sell",
        "value": 300007.71139219997,
        "time": 1783335928709
      },
      {
        "price": 62864.76,
        "qty": 0.91128,
        "side": "sell",
        "value": 57287.3984928,
        "time": 1783335983408
      },
      {
        "price": 62850.01,
        "qty": 0.84409,
        "side": "buy",
        "value": 53051.0649409,
        "time": 1783335991595
      },
      {
        "price": 62819.85,
        "qty": 0.87148,
        "side": "sell",
        "value": 54746.242878,
        "time": 1783336539602
      },
      {
        "price": 62819.85,
        "qty": 1.1893,
        "side": "sell",
        "value": 74711.647605,
        "time": 1783336539603
      },
      {
        "price": 62807.68,
        "qty": 0.83728,
        "side": "sell",
        "value": 52587.6143104,
        "time": 1783336572523
      },
      {
        "price": 62800,
        "qty": 1.13713,
        "side": "buy",
        "value": 71411.764,
        "time": 1783336689607
      },
      {
        "price": 62819.85,
        "qty": 1.18931,
        "side": "buy",
        "value": 74712.2758035,
        "time": 1783336751623
      },
      {
        "price": 62835.04,
        "qty": 1.20917,
        "side": "buy",
        "value": 75978.2453168,
        "time": 1783336781936
      },
      {
        "price": 62835.05,
        "qty": 3.18369,
        "side": "buy",
        "value": 200047.3203345,
        "time": 1783336781937
      },
      {
        "price": 62838.85,
        "qty": 1.29174,
        "side": "buy",
        "value": 81171.456099,
        "time": 1783336781941
      },
      {
        "price": 62976.01,
        "qty": 1.01189,
        "side": "buy",
        "value": 63724.794758899996,
        "time": 1783337629736
      }
    ]
  },
  "depthImportant": {
    "buys": [
      {
        "side": "buy",
        "layer": 1,
        "price": 62946,
        "qty": 2.53194,
        "cumulative": 2.53194
      },
      {
        "side": "buy",
        "layer": 33,
        "price": 62940.08,
        "qty": 0.29243,
        "cumulative": 3.30674
      },
      {
        "side": "buy",
        "layer": 34,
        "price": 62940.07,
        "qty": 0.48237,
        "cumulative": 3.01431
      },
      {
        "side": "buy",
        "layer": 37,
        "price": 62940,
        "qty": 0.11736,
        "cumulative": 3.6491000000000002
      },
      {
        "side": "buy",
        "layer": 40,
        "price": 62939.7,
        "qty": 0.225,
        "cumulative": 3.53174
      },
      {
        "side": "buy",
        "layer": 77,
        "price": 62935.16,
        "qty": 0.59636,
        "cumulative": 8.755840000000001
      },
      {
        "side": "buy",
        "layer": 79,
        "price": 62935.14,
        "qty": 0.57257,
        "cumulative": 9.901000000000002
      },
      {
        "side": "buy",
        "layer": 83,
        "price": 62934.66,
        "qty": 1.33306,
        "cumulative": 8.15948
      },
      {
        "side": "buy",
        "layer": 84,
        "price": 62934.64,
        "qty": 3.17732,
        "cumulative": 6.826420000000001
      },
      {
        "side": "buy",
        "layer": 99,
        "price": 62932.68,
        "qty": 0.57259,
        "cumulative": 9.32843
      },
      {
        "side": "buy",
        "layer": 114,
        "price": 62931.19,
        "qty": 1.08339,
        "cumulative": 19.97042
      },
      {
        "side": "buy",
        "layer": 132,
        "price": 62929.14,
        "qty": 3.17732,
        "cumulative": 13.078320000000001
      },
      {
        "side": "buy",
        "layer": 159,
        "price": 62924.83,
        "qty": 1.18188,
        "cumulative": 18.88703
      },
      {
        "side": "buy",
        "layer": 160,
        "price": 62924.82,
        "qty": 3.17468,
        "cumulative": 16.253
      },
      {
        "side": "buy",
        "layer": 198,
        "price": 62918.23,
        "qty": 1.45215,
        "cumulative": 17.70515
      },
      {
        "side": "buy",
        "layer": 207,
        "price": 62916.86,
        "qty": 3.17678,
        "cumulative": 31.914230000000003
      },
      {
        "side": "buy",
        "layer": 405,
        "price": 62885.2,
        "qty": 3.17678,
        "cumulative": 35.091010000000004
      },
      {
        "side": "buy",
        "layer": 431,
        "price": 62879.56,
        "qty": 4.77567,
        "cumulative": 24.746090000000002
      },
      {
        "side": "buy",
        "layer": 443,
        "price": 62877.22,
        "qty": 3.17678,
        "cumulative": 38.267790000000005
      },
      {
        "side": "buy",
        "layer": 496,
        "price": 62866.94,
        "qty": 3.99136,
        "cumulative": 28.737450000000003
      },
      {
        "side": "buy",
        "layer": 635,
        "price": 62833.02,
        "qty": 4.77921,
        "cumulative": 63.77640000000001
      },
      {
        "side": "buy",
        "layer": 659,
        "price": 62826.93,
        "qty": 4.77967,
        "cumulative": 58.99719000000001
      },
      {
        "side": "buy",
        "layer": 724,
        "price": 62810.25,
        "qty": 6.38121,
        "cumulative": 44.64900000000001
      },
      {
        "side": "buy",
        "layer": 776,
        "price": 62791.41,
        "qty": 4.78233,
        "cumulative": 54.21752000000001
      },
      {
        "side": "buy",
        "layer": 923,
        "price": 62741.4,
        "qty": 4.78619,
        "cumulative": 49.435190000000006
      }
    ],
    "sells": [
      {
        "side": "sell",
        "layer": 1,
        "price": 62946.01,
        "qty": 3.79638,
        "cumulative": 3.79638
      },
      {
        "side": "sell",
        "layer": 19,
        "price": 62949.99,
        "qty": 0.47697,
        "cumulative": 4.751189999999999
      },
      {
        "side": "sell",
        "layer": 32,
        "price": 62951.97,
        "qty": 0.41822,
        "cumulative": 5.646119999999999
      },
      {
        "side": "sell",
        "layer": 43,
        "price": 62952.55,
        "qty": 0.47784,
        "cumulative": 4.27422
      },
      {
        "side": "sell",
        "layer": 44,
        "price": 62952.56,
        "qty": 0.47671,
        "cumulative": 5.227899999999999
      },
      {
        "side": "sell",
        "layer": 57,
        "price": 62953.99,
        "qty": 0.66632,
        "cumulative": 10.89684
      },
      {
        "side": "sell",
        "layer": 87,
        "price": 62957.35,
        "qty": 1.40708,
        "cumulative": 10.230519999999999
      },
      {
        "side": "sell",
        "layer": 88,
        "price": 62957.36,
        "qty": 3.17732,
        "cumulative": 8.823439999999998
      },
      {
        "side": "sell",
        "layer": 89,
        "price": 62957.38,
        "qty": 0.47671,
        "cumulative": 11.37355
      },
      {
        "side": "sell",
        "layer": 100,
        "price": 62959.08,
        "qty": 0.4762,
        "cumulative": 11.84975
      },
      {
        "side": "sell",
        "layer": 114,
        "price": 62961.22,
        "qty": 3.17678,
        "cumulative": 15.026530000000001
      },
      {
        "side": "sell",
        "layer": 148,
        "price": 62965.73,
        "qty": 3.17678,
        "cumulative": 18.203310000000002
      },
      {
        "side": "sell",
        "layer": 180,
        "price": 62969.72,
        "qty": 1.77072,
        "cumulative": 23.150650000000002
      },
      {
        "side": "sell",
        "layer": 181,
        "price": 62969.73,
        "qty": 3.17662,
        "cumulative": 21.37993
      },
      {
        "side": "sell",
        "layer": 182,
        "price": 62969.75,
        "qty": 1.60077,
        "cumulative": 24.751420000000003
      },
      {
        "side": "sell",
        "layer": 211,
        "price": 62974.67,
        "qty": 3.17662,
        "cumulative": 41.99711
      },
      {
        "side": "sell",
        "layer": 236,
        "price": 62979,
        "qty": 3.17671,
        "cumulative": 38.82049
      },
      {
        "side": "sell",
        "layer": 368,
        "price": 63001.57,
        "qty": 3.17732,
        "cumulative": 35.64378
      },
      {
        "side": "sell",
        "layer": 448,
        "price": 63013.65,
        "qty": 3.75919,
        "cumulative": 32.46646
      },
      {
        "side": "sell",
        "layer": 494,
        "price": 63020.63,
        "qty": 3.95585,
        "cumulative": 28.70727
      },
      {
        "side": "sell",
        "layer": 557,
        "price": 63030.95,
        "qty": 4.7642,
        "cumulative": 53.437020000000004
      },
      {
        "side": "sell",
        "layer": 799,
        "price": 63067.96,
        "qty": 4.76141,
        "cumulative": 58.19843
      },
      {
        "side": "sell",
        "layer": 807,
        "price": 63069.04,
        "qty": 4.76132,
        "cumulative": 62.95975
      },
      {
        "side": "sell",
        "layer": 832,
        "price": 63074.98,
        "qty": 4.76088,
        "cumulative": 67.72063
      },
      {
        "side": "sell",
        "layer": 996,
        "price": 63118.32,
        "qty": 6.67571,
        "cumulative": 48.67282
      }
    ]
  },
  "updatedAt": 1783337760424
}