{
  "symbol": "btcusdt",
  "timeframe": "1m",
  "candle": {
    "startTime": 1783337520000,
    "open": 62940,
    "high": 62958,
    "low": 62939.99,
    "close": 62958,
    "volume": 922,
    "direction": "up",
    "volatility": 18.010000000002037,
    "totalVolume": 922
  },
  "trades": {
    "count": 98347,
    "buyVolume": 231.022639999959,
    "sellVolume": 214.0906399999596,
    "bigTrades": [
      {
        "price": 62859.14,
        "qty": 1.0194,
        "side": "sell",
        "value": 64078.607316,
        "time": 1783333103521
      },
      {
        "price": 62859.14,
        "qty": 0.98503,
        "side": "sell",
        "value": 61918.138674199996,
        "time": 1783333103792
      },
      {
        "price": 62856,
        "qty": 1.0194,
        "side": "buy",
        "value": 64075.40640000001,
        "time": 1783333143863
      },
      {
        "price": 62837.83,
        "qty": 1.01947,
        "side": "buy",
        "value": 64061.28255010001,
        "time": 1783333252137
      },
      {
        "price": 62876.57,
        "qty": 1.22566,
        "side": "buy",
        "value": 77065.2967862,
        "time": 1783333781160
      },
      {
        "price": 62876.57,
        "qty": 1.18937,
        "side": "buy",
        "value": 74783.5060609,
        "time": 1783333781161
      },
      {
        "price": 62883.53,
        "qty": 1.43429,
        "side": "buy",
        "value": 90193.2182437,
        "time": 1783333781194
      },
      {
        "price": 62883.54,
        "qty": 2.0898,
        "side": "buy",
        "value": 131414.021892,
        "time": 1783333781194
      },
      {
        "price": 62876,
        "qty": 0.96248,
        "side": "sell",
        "value": 60516.89248,
        "time": 1783333894957
      },
      {
        "price": 62882.02,
        "qty": 0.82074,
        "side": "buy",
        "value": 51609.7890948,
        "time": 1783333943400
      },
      {
        "price": 62979.04,
        "qty": 0.95754,
        "side": "sell",
        "value": 60304.949961599996,
        "time": 1783334049589
      },
      {
        "price": 62959.26,
        "qty": 0.80457,
        "side": "sell",
        "value": 50655.1318182,
        "time": 1783334302077
      },
      {
        "price": 62959.26,
        "qty": 1.8,
        "side": "sell",
        "value": 113326.668,
        "time": 1783334302077
      },
      {
        "price": 62959.26,
        "qty": 0.85232,
        "side": "sell",
        "value": 53661.4364832,
        "time": 1783334302078
      },
      {
        "price": 63025,
        "qty": 0.8507,
        "side": "sell",
        "value": 53615.3675,
        "time": 1783334389856
      },
      {
        "price": 63000,
        "qty": 1.01318,
        "side": "sell",
        "value": 63830.34,
        "time": 1783334434959
      },
      {
        "price": 62918.49,
        "qty": 1.0409,
        "side": "buy",
        "value": 65491.856240999994,
        "time": 1783334802646
      },
      {
        "price": 62894,
        "qty": 0.966,
        "side": "sell",
        "value": 60755.604,
        "time": 1783334929433
      },
      {
        "price": 62871.46,
        "qty": 4.21317,
        "side": "sell",
        "value": 264888.14912819996,
        "time": 1783334970246
      },
      {
        "price": 62827.8,
        "qty": 0.9888,
        "side": "buy",
        "value": 62124.12864,
        "time": 1783335003475
      },
      {
        "price": 62827.8,
        "qty": 3.18352,
        "side": "buy",
        "value": 200013.55785600003,
        "time": 1783335003477
      },
      {
        "price": 62833.43,
        "qty": 0.99935,
        "side": "buy",
        "value": 62792.5882705,
        "time": 1783335197280
      },
      {
        "price": 62840.01,
        "qty": 0.8167,
        "side": "buy",
        "value": 51321.436167,
        "time": 1783335224033
      },
      {
        "price": 62820,
        "qty": 3.18369,
        "side": "buy",
        "value": 199999.4058,
        "time": 1783335565420
      },
      {
        "price": 62871.03,
        "qty": 1.36622,
        "side": "sell",
        "value": 85895.6586066,
        "time": 1783335908214
      },
      {
        "price": 62870.71,
        "qty": 0.86668,
        "side": "sell",
        "value": 54488.7869428,
        "time": 1783335926908
      },
      {
        "price": 62870.71,
        "qty": 4.77182,
        "side": "sell",
        "value": 300007.71139219997,
        "time": 1783335928709
      },
      {
        "price": 62864.76,
        "qty": 0.91128,
        "side": "sell",
        "value": 57287.3984928,
        "time": 1783335983408
      },
      {
        "price": 62850.01,
        "qty": 0.84409,
        "side": "buy",
        "value": 53051.0649409,
        "time": 1783335991595
      },
      {
        "price": 62819.85,
        "qty": 0.87148,
        "side": "sell",
        "value": 54746.242878,
        "time": 1783336539602
      },
      {
        "price": 62819.85,
        "qty": 1.1893,
        "side": "sell",
        "value": 74711.647605,
        "time": 1783336539603
      },
      {
        "price": 62807.68,
        "qty": 0.83728,
        "side": "sell",
        "value": 52587.6143104,
        "time": 1783336572523
      },
      {
        "price": 62800,
        "qty": 1.13713,
        "side": "buy",
        "value": 71411.764,
        "time": 1783336689607
      },
      {
        "price": 62819.85,
        "qty": 1.18931,
        "side": "buy",
        "value": 74712.2758035,
        "time": 1783336751623
      },
      {
        "price": 62835.04,
        "qty": 1.20917,
        "side": "buy",
        "value": 75978.2453168,
        "time": 1783336781936
      },
      {
        "price": 62835.05,
        "qty": 3.18369,
        "side": "buy",
        "value": 200047.3203345,
        "time": 1783336781937
      },
      {
        "price": 62838.85,
        "qty": 1.29174,
        "side": "buy",
        "value": 81171.456099,
        "time": 1783336781941
      }
    ]
  },
  "depthImportant": {
    "buys": [
      {
        "side": "buy",
        "layer": 1,
        "price": 62957.99,
        "qty": 10.55136,
        "cumulative": 10.55136
      },
      {
        "side": "buy",
        "layer": 5,
        "price": 62957.08,
        "qty": 0.63446,
        "cumulative": 14.098790000000001
      },
      {
        "side": "buy",
        "layer": 7,
        "price": 62957.06,
        "qty": 0.68335,
        "cumulative": 13.46433
      },
      {
        "side": "buy",
        "layer": 11,
        "price": 62956.72,
        "qty": 0.9386,
        "cumulative": 12.78098
      },
      {
        "side": "buy",
        "layer": 47,
        "price": 62950.56,
        "qty": 1.29102,
        "cumulative": 11.84238
      },
      {
        "side": "buy",
        "layer": 61,
        "price": 62949.01,
        "qty": 0.59244,
        "cumulative": 23.285580000000003
      },
      {
        "side": "buy",
        "layer": 65,
        "price": 62948.69,
        "qty": 3.17678,
        "cumulative": 17.275570000000002
      },
      {
        "side": "buy",
        "layer": 66,
        "price": 62948.62,
        "qty": 0.66,
        "cumulative": 22.693140000000003
      },
      {
        "side": "buy",
        "layer": 98,
        "price": 62944.38,
        "qty": 1.58079,
        "cumulative": 22.033140000000003
      },
      {
        "side": "buy",
        "layer": 99,
        "price": 62944.37,
        "qty": 3.17678,
        "cumulative": 20.452350000000003
      },
      {
        "side": "buy",
        "layer": 169,
        "price": 62934.83,
        "qty": 1.31724,
        "cumulative": 34.37053
      },
      {
        "side": "buy",
        "layer": 171,
        "price": 62934.76,
        "qty": 1.57459,
        "cumulative": 33.053290000000004
      },
      {
        "side": "buy",
        "layer": 175,
        "price": 62934.27,
        "qty": 3.17762,
        "cumulative": 29.653560000000002
      },
      {
        "side": "buy",
        "layer": 194,
        "price": 62930.04,
        "qty": 1.82514,
        "cumulative": 31.478700000000003
      },
      {
        "side": "buy",
        "layer": 195,
        "price": 62930.03,
        "qty": 3.19036,
        "cumulative": 26.47594
      },
      {
        "side": "buy",
        "layer": 226,
        "price": 62924.66,
        "qty": 3.17823,
        "cumulative": 45.32321
      },
      {
        "side": "buy",
        "layer": 252,
        "price": 62920.22,
        "qty": 3.17823,
        "cumulative": 48.50144
      },
      {
        "side": "buy",
        "layer": 292,
        "price": 62912.97,
        "qty": 3.17678,
        "cumulative": 51.67822
      },
      {
        "side": "buy",
        "layer": 440,
        "price": 62883.53,
        "qty": 3.76697,
        "cumulative": 42.144980000000004
      },
      {
        "side": "buy",
        "layer": 465,
        "price": 62877.24,
        "qty": 4.00748,
        "cumulative": 38.37801
      },
      {
        "side": "buy",
        "layer": 672,
        "price": 62828,
        "qty": 4.80354,
        "cumulative": 63.16809
      },
      {
        "side": "buy",
        "layer": 726,
        "price": 62814.78,
        "qty": 6.68633,
        "cumulative": 58.36455
      },
      {
        "side": "buy",
        "layer": 769,
        "price": 62803.56,
        "qty": 4.7814,
        "cumulative": 77.51805
      },
      {
        "side": "buy",
        "layer": 804,
        "price": 62791.41,
        "qty": 4.78233,
        "cumulative": 72.73665
      },
      {
        "side": "buy",
        "layer": 968,
        "price": 62740.18,
        "qty": 4.78623,
        "cumulative": 67.95432
      }
    ],
    "sells": [
      {
        "side": "sell",
        "layer": 1,
        "price": 62958,
        "qty": 0.02471,
        "cumulative": 0.11739999999999999
      },
      {
        "side": "sell",
        "layer": 4,
        "price": 62958.49,
        "qty": 0.03056,
        "cumulative": 0.06483
      },
      {
        "side": "sell",
        "layer": 11,
        "price": 62959.88,
        "qty": 0.02786,
        "cumulative": 0.09269
      },
      {
        "side": "sell",
        "layer": 14,
        "price": 62960,
        "qty": 0.03427,
        "cumulative": 0.03427
      },
      {
        "side": "sell",
        "layer": 21,
        "price": 62962,
        "qty": 0.02427,
        "cumulative": 0.14167
      },
      {
        "side": "sell",
        "layer": 51,
        "price": 62966.54,
        "qty": 0.12439,
        "cumulative": 0.84653
      },
      {
        "side": "sell",
        "layer": 66,
        "price": 62968.36,
        "qty": 0.09913,
        "cumulative": 0.94566
      },
      {
        "side": "sell",
        "layer": 68,
        "price": 62968.57,
        "qty": 0.09913,
        "cumulative": 1.0447899999999999
      },
      {
        "side": "sell",
        "layer": 79,
        "price": 62969.7,
        "qty": 0.26964,
        "cumulative": 0.72214
      },
      {
        "side": "sell",
        "layer": 80,
        "price": 62969.73,
        "qty": 0.31083,
        "cumulative": 0.4525
      },
      {
        "side": "sell",
        "layer": 140,
        "price": 62975.95,
        "qty": 1.12386,
        "cumulative": 6.934950000000001
      },
      {
        "side": "sell",
        "layer": 147,
        "price": 62976.77,
        "qty": 1.10626,
        "cumulative": 8.041210000000001
      },
      {
        "side": "sell",
        "layer": 158,
        "price": 62978.26,
        "qty": 0.79488,
        "cumulative": 8.836090000000002
      },
      {
        "side": "sell",
        "layer": 191,
        "price": 62982.3,
        "qty": 1.58952,
        "cumulative": 5.81109
      },
      {
        "side": "sell",
        "layer": 192,
        "price": 62982.31,
        "qty": 3.17678,
        "cumulative": 4.22157
      },
      {
        "side": "sell",
        "layer": 224,
        "price": 62986.26,
        "qty": 3.17965,
        "cumulative": 20.71619
      },
      {
        "side": "sell",
        "layer": 282,
        "price": 62993.81,
        "qty": 3.17884,
        "cumulative": 23.895030000000002
      },
      {
        "side": "sell",
        "layer": 323,
        "price": 62999.02,
        "qty": 3.17853,
        "cumulative": 27.07356
      },
      {
        "side": "sell",
        "layer": 434,
        "price": 63014.49,
        "qty": 4.76545,
        "cumulative": 13.601540000000004
      },
      {
        "side": "sell",
        "layer": 461,
        "price": 63018.55,
        "qty": 3.935,
        "cumulative": 17.536540000000002
      },
      {
        "side": "sell",
        "layer": 630,
        "price": 63043.39,
        "qty": 4.76322,
        "cumulative": 38.31763
      },
      {
        "side": "sell",
        "layer": 667,
        "price": 63050.13,
        "qty": 4.76271,
        "cumulative": 43.08034
      },
      {
        "side": "sell",
        "layer": 773,
        "price": 63068.93,
        "qty": 4.76129,
        "cumulative": 52.60295
      },
      {
        "side": "sell",
        "layer": 775,
        "price": 63069.04,
        "qty": 4.76132,
        "cumulative": 47.84166
      },
      {
        "side": "sell",
        "layer": 954,
        "price": 63119.11,
        "qty": 6.48085,
        "cumulative": 33.554410000000004
      }
    ]
  },
  "updatedAt": 1783337580310
}