{
  "symbol": "btcusdt",
  "timeframe": "1m",
  "candle": {
    "startTime": 1783334400000,
    "open": 63020,
    "high": 63030,
    "low": 62956,
    "close": 62956.01,
    "volume": 4004,
    "direction": "down",
    "volatility": 74,
    "totalVolume": 4004
  },
  "trades": {
    "count": 36704,
    "buyVolume": 80.41266999999094,
    "sellVolume": 103.58053999999001,
    "bigTrades": [
      {
        "price": 62859.14,
        "qty": 1.0194,
        "side": "sell",
        "value": 64078.607316,
        "time": 1783333103521
      },
      {
        "price": 62859.14,
        "qty": 0.98503,
        "side": "sell",
        "value": 61918.138674199996,
        "time": 1783333103792
      },
      {
        "price": 62856,
        "qty": 1.0194,
        "side": "buy",
        "value": 64075.40640000001,
        "time": 1783333143863
      },
      {
        "price": 62837.83,
        "qty": 1.01947,
        "side": "buy",
        "value": 64061.28255010001,
        "time": 1783333252137
      },
      {
        "price": 62876.57,
        "qty": 1.22566,
        "side": "buy",
        "value": 77065.2967862,
        "time": 1783333781160
      },
      {
        "price": 62876.57,
        "qty": 1.18937,
        "side": "buy",
        "value": 74783.5060609,
        "time": 1783333781161
      },
      {
        "price": 62883.53,
        "qty": 1.43429,
        "side": "buy",
        "value": 90193.2182437,
        "time": 1783333781194
      },
      {
        "price": 62883.54,
        "qty": 2.0898,
        "side": "buy",
        "value": 131414.021892,
        "time": 1783333781194
      },
      {
        "price": 62876,
        "qty": 0.96248,
        "side": "sell",
        "value": 60516.89248,
        "time": 1783333894957
      },
      {
        "price": 62882.02,
        "qty": 0.82074,
        "side": "buy",
        "value": 51609.7890948,
        "time": 1783333943400
      },
      {
        "price": 62979.04,
        "qty": 0.95754,
        "side": "sell",
        "value": 60304.949961599996,
        "time": 1783334049589
      },
      {
        "price": 62959.26,
        "qty": 0.80457,
        "side": "sell",
        "value": 50655.1318182,
        "time": 1783334302077
      },
      {
        "price": 62959.26,
        "qty": 1.8,
        "side": "sell",
        "value": 113326.668,
        "time": 1783334302077
      },
      {
        "price": 62959.26,
        "qty": 0.85232,
        "side": "sell",
        "value": 53661.4364832,
        "time": 1783334302078
      },
      {
        "price": 63025,
        "qty": 0.8507,
        "side": "sell",
        "value": 53615.3675,
        "time": 1783334389856
      },
      {
        "price": 63000,
        "qty": 1.01318,
        "side": "sell",
        "value": 63830.34,
        "time": 1783334434959
      }
    ]
  },
  "depthImportant": {
    "buys": [
      {
        "side": "buy",
        "layer": 1,
        "price": 62956,
        "qty": 0.16165,
        "cumulative": 0.38699
      },
      {
        "side": "buy",
        "layer": 26,
        "price": 62950.01,
        "qty": 0.12621,
        "cumulative": 0.5132
      },
      {
        "side": "buy",
        "layer": 31,
        "price": 62949.69,
        "qty": 0.22534,
        "cumulative": 0.22534
      },
      {
        "side": "buy",
        "layer": 34,
        "price": 62949.12,
        "qty": 0.12603,
        "cumulative": 0.63923
      },
      {
        "side": "buy",
        "layer": 41,
        "price": 62948.26,
        "qty": 0.12603,
        "cumulative": 0.7652599999999999
      },
      {
        "side": "buy",
        "layer": 67,
        "price": 62945.74,
        "qty": 0.23284,
        "cumulative": 2.50827
      },
      {
        "side": "buy",
        "layer": 68,
        "price": 62945.73,
        "qty": 0.47663,
        "cumulative": 1.7988
      },
      {
        "side": "buy",
        "layer": 96,
        "price": 62943.27,
        "qty": 0.55691,
        "cumulative": 1.3221699999999998
      },
      {
        "side": "buy",
        "layer": 97,
        "price": 62943.26,
        "qty": 0.225,
        "cumulative": 2.73327
      },
      {
        "side": "buy",
        "layer": 99,
        "price": 62942.81,
        "qty": 0.47663,
        "cumulative": 2.27543
      },
      {
        "side": "buy",
        "layer": 107,
        "price": 62941.59,
        "qty": 0.59624,
        "cumulative": 9.432369999999999
      },
      {
        "side": "buy",
        "layer": 173,
        "price": 62932.14,
        "qty": 0.588,
        "cumulative": 10.020369999999998
      },
      {
        "side": "buy",
        "layer": 193,
        "price": 62930.3,
        "qty": 1.80994,
        "cumulative": 7.71822
      },
      {
        "side": "buy",
        "layer": 194,
        "price": 62930.29,
        "qty": 3.17501,
        "cumulative": 5.9082799999999995
      },
      {
        "side": "buy",
        "layer": 197,
        "price": 62929.87,
        "qty": 1.11791,
        "cumulative": 8.836129999999999
      },
      {
        "side": "buy",
        "layer": 262,
        "price": 62920.48,
        "qty": 3.1754,
        "cumulative": 17.971069999999997
      },
      {
        "side": "buy",
        "layer": 330,
        "price": 62910.4,
        "qty": 3.1754,
        "cumulative": 21.146469999999997
      },
      {
        "side": "buy",
        "layer": 384,
        "price": 62900.32,
        "qty": 3.1754,
        "cumulative": 24.321869999999997
      },
      {
        "side": "buy",
        "layer": 430,
        "price": 62890.24,
        "qty": 3.1754,
        "cumulative": 27.497269999999997
      },
      {
        "side": "buy",
        "layer": 451,
        "price": 62886.66,
        "qty": 4.7753,
        "cumulative": 14.795669999999998
      },
      {
        "side": "buy",
        "layer": 505,
        "price": 62871.46,
        "qty": 5,
        "cumulative": 38.906769999999995
      },
      {
        "side": "buy",
        "layer": 630,
        "price": 62837.63,
        "qty": 6.4095,
        "cumulative": 33.906769999999995
      },
      {
        "side": "buy",
        "layer": 822,
        "price": 62773.46,
        "qty": 4.78392,
        "cumulative": 53.264419999999994
      },
      {
        "side": "buy",
        "layer": 900,
        "price": 62744.24,
        "qty": 4.78612,
        "cumulative": 48.48049999999999
      },
      {
        "side": "buy",
        "layer": 965,
        "price": 62724.72,
        "qty": 4.78761,
        "cumulative": 43.694379999999995
      }
    ],
    "sells": [
      {
        "side": "sell",
        "layer": 1,
        "price": 62956.01,
        "qty": 8.11914,
        "cumulative": 8.11914
      },
      {
        "side": "sell",
        "layer": 5,
        "price": 62956.27,
        "qty": 1.13779,
        "cumulative": 18.78379
      },
      {
        "side": "sell",
        "layer": 6,
        "price": 62956.28,
        "qty": 3.17566,
        "cumulative": 11.2948
      },
      {
        "side": "sell",
        "layer": 26,
        "price": 62962.01,
        "qty": 3.17556,
        "cumulative": 17.646
      },
      {
        "side": "sell",
        "layer": 47,
        "price": 62966.01,
        "qty": 3.17564,
        "cumulative": 14.47044
      },
      {
        "side": "sell",
        "layer": 51,
        "price": 62967.01,
        "qty": 0.6356,
        "cumulative": 23.93541
      },
      {
        "side": "sell",
        "layer": 58,
        "price": 62969.34,
        "qty": 1.34062,
        "cumulative": 23.29981
      },
      {
        "side": "sell",
        "layer": 64,
        "price": 62969.87,
        "qty": 3.1754,
        "cumulative": 21.95919
      },
      {
        "side": "sell",
        "layer": 71,
        "price": 62970.77,
        "qty": 0.47686,
        "cumulative": 24.41227
      },
      {
        "side": "sell",
        "layer": 85,
        "price": 62973.34,
        "qty": 0.47663,
        "cumulative": 24.8889
      },
      {
        "side": "sell",
        "layer": 118,
        "price": 62977.93,
        "qty": 3.65203,
        "cumulative": 28.54093
      },
      {
        "side": "sell",
        "layer": 156,
        "price": 62983.85,
        "qty": 3.1754,
        "cumulative": 31.71633
      },
      {
        "side": "sell",
        "layer": 165,
        "price": 62984.47,
        "qty": 1.57339,
        "cumulative": 38.95908
      },
      {
        "side": "sell",
        "layer": 181,
        "price": 62987.99,
        "qty": 3.1754,
        "cumulative": 34.891729999999995
      },
      {
        "side": "sell",
        "layer": 199,
        "price": 62990.97,
        "qty": 2.49396,
        "cumulative": 37.38569
      },
      {
        "side": "sell",
        "layer": 206,
        "price": 62991.79,
        "qty": 3.17501,
        "cumulative": 53.510200000000005
      },
      {
        "side": "sell",
        "layer": 233,
        "price": 62997.65,
        "qty": 3.17501,
        "cumulative": 56.685210000000005
      },
      {
        "side": "sell",
        "layer": 260,
        "price": 63001.46,
        "qty": 3.65164,
        "cumulative": 50.335190000000004
      },
      {
        "side": "sell",
        "layer": 452,
        "price": 63033.64,
        "qty": 3.758,
        "cumulative": 46.683550000000004
      },
      {
        "side": "sell",
        "layer": 476,
        "price": 63037.28,
        "qty": 3.96647,
        "cumulative": 42.92555
      },
      {
        "side": "sell",
        "layer": 750,
        "price": 63090.41,
        "qty": 4.75986,
        "cumulative": 61.44507
      },
      {
        "side": "sell",
        "layer": 795,
        "price": 63105.79,
        "qty": 4.7587,
        "cumulative": 66.20377
      },
      {
        "side": "sell",
        "layer": 885,
        "price": 63146.04,
        "qty": 4.62513,
        "cumulative": 80.33445
      },
      {
        "side": "sell",
        "layer": 918,
        "price": 63164.23,
        "qty": 4.75429,
        "cumulative": 70.95806
      },
      {
        "side": "sell",
        "layer": 976,
        "price": 63204.55,
        "qty": 4.75126,
        "cumulative": 75.70932
      }
    ]
  },
  "updatedAt": 1783334460403
}