{
  "symbol": "btcusdt",
  "timeframe": "1m",
  "candle": {
    "startTime": 1783335660000,
    "open": 62885.05,
    "high": 62885.05,
    "low": 62830,
    "close": 62858.01,
    "volume": 2867,
    "direction": "down",
    "volatility": 55.05000000000291,
    "totalVolume": 2867
  },
  "trades": {
    "count": 68161,
    "buyVolume": 144.42634999997208,
    "sellVolume": 161.6608299999729,
    "bigTrades": [
      {
        "price": 62859.14,
        "qty": 1.0194,
        "side": "sell",
        "value": 64078.607316,
        "time": 1783333103521
      },
      {
        "price": 62859.14,
        "qty": 0.98503,
        "side": "sell",
        "value": 61918.138674199996,
        "time": 1783333103792
      },
      {
        "price": 62856,
        "qty": 1.0194,
        "side": "buy",
        "value": 64075.40640000001,
        "time": 1783333143863
      },
      {
        "price": 62837.83,
        "qty": 1.01947,
        "side": "buy",
        "value": 64061.28255010001,
        "time": 1783333252137
      },
      {
        "price": 62876.57,
        "qty": 1.22566,
        "side": "buy",
        "value": 77065.2967862,
        "time": 1783333781160
      },
      {
        "price": 62876.57,
        "qty": 1.18937,
        "side": "buy",
        "value": 74783.5060609,
        "time": 1783333781161
      },
      {
        "price": 62883.53,
        "qty": 1.43429,
        "side": "buy",
        "value": 90193.2182437,
        "time": 1783333781194
      },
      {
        "price": 62883.54,
        "qty": 2.0898,
        "side": "buy",
        "value": 131414.021892,
        "time": 1783333781194
      },
      {
        "price": 62876,
        "qty": 0.96248,
        "side": "sell",
        "value": 60516.89248,
        "time": 1783333894957
      },
      {
        "price": 62882.02,
        "qty": 0.82074,
        "side": "buy",
        "value": 51609.7890948,
        "time": 1783333943400
      },
      {
        "price": 62979.04,
        "qty": 0.95754,
        "side": "sell",
        "value": 60304.949961599996,
        "time": 1783334049589
      },
      {
        "price": 62959.26,
        "qty": 0.80457,
        "side": "sell",
        "value": 50655.1318182,
        "time": 1783334302077
      },
      {
        "price": 62959.26,
        "qty": 1.8,
        "side": "sell",
        "value": 113326.668,
        "time": 1783334302077
      },
      {
        "price": 62959.26,
        "qty": 0.85232,
        "side": "sell",
        "value": 53661.4364832,
        "time": 1783334302078
      },
      {
        "price": 63025,
        "qty": 0.8507,
        "side": "sell",
        "value": 53615.3675,
        "time": 1783334389856
      },
      {
        "price": 63000,
        "qty": 1.01318,
        "side": "sell",
        "value": 63830.34,
        "time": 1783334434959
      },
      {
        "price": 62918.49,
        "qty": 1.0409,
        "side": "buy",
        "value": 65491.856240999994,
        "time": 1783334802646
      },
      {
        "price": 62894,
        "qty": 0.966,
        "side": "sell",
        "value": 60755.604,
        "time": 1783334929433
      },
      {
        "price": 62871.46,
        "qty": 4.21317,
        "side": "sell",
        "value": 264888.14912819996,
        "time": 1783334970246
      },
      {
        "price": 62827.8,
        "qty": 0.9888,
        "side": "buy",
        "value": 62124.12864,
        "time": 1783335003475
      },
      {
        "price": 62827.8,
        "qty": 3.18352,
        "side": "buy",
        "value": 200013.55785600003,
        "time": 1783335003477
      },
      {
        "price": 62833.43,
        "qty": 0.99935,
        "side": "buy",
        "value": 62792.5882705,
        "time": 1783335197280
      },
      {
        "price": 62840.01,
        "qty": 0.8167,
        "side": "buy",
        "value": 51321.436167,
        "time": 1783335224033
      },
      {
        "price": 62820,
        "qty": 3.18369,
        "side": "buy",
        "value": 199999.4058,
        "time": 1783335565420
      }
    ]
  },
  "depthImportant": {
    "buys": [
      {
        "side": "buy",
        "layer": 18,
        "price": 62853.28,
        "qty": 0.072,
        "cumulative": 0.45316
      },
      {
        "side": "buy",
        "layer": 29,
        "price": 62852.1,
        "qty": 0.08394,
        "cumulative": 0.21365
      },
      {
        "side": "buy",
        "layer": 33,
        "price": 62852.01,
        "qty": 0.12971,
        "cumulative": 0.12971
      },
      {
        "side": "buy",
        "layer": 46,
        "price": 62850.92,
        "qty": 0.08376,
        "cumulative": 0.29741
      },
      {
        "side": "buy",
        "layer": 49,
        "price": 62850.33,
        "qty": 0.08375,
        "cumulative": 0.38116
      },
      {
        "side": "buy",
        "layer": 58,
        "price": 62849.76,
        "qty": 0.08375,
        "cumulative": 1.604
      },
      {
        "side": "buy",
        "layer": 64,
        "price": 62849.21,
        "qty": 0.17475,
        "cumulative": 1.43649
      },
      {
        "side": "buy",
        "layer": 79,
        "price": 62847.09,
        "qty": 0.33187,
        "cumulative": 1.26174
      },
      {
        "side": "buy",
        "layer": 89,
        "price": 62845.87,
        "qty": 0.08376,
        "cumulative": 1.52025
      },
      {
        "side": "buy",
        "layer": 91,
        "price": 62845.62,
        "qty": 0.47671,
        "cumulative": 0.92987
      },
      {
        "side": "buy",
        "layer": 120,
        "price": 62843.02,
        "qty": 3.18177,
        "cumulative": 7.9683600000000006
      },
      {
        "side": "buy",
        "layer": 160,
        "price": 62838.26,
        "qty": 3.18126,
        "cumulative": 11.14962
      },
      {
        "side": "buy",
        "layer": 180,
        "price": 62834.06,
        "qty": 1.51682,
        "cumulative": 12.666440000000001
      },
      {
        "side": "buy",
        "layer": 181,
        "price": 62834.05,
        "qty": 3.18259,
        "cumulative": 4.78659
      },
      {
        "side": "buy",
        "layer": 199,
        "price": 62830.03,
        "qty": 1.26472,
        "cumulative": 13.931160000000002
      },
      {
        "side": "buy",
        "layer": 206,
        "price": 62829.43,
        "qty": 3.18268,
        "cumulative": 20.297030000000003
      },
      {
        "side": "buy",
        "layer": 236,
        "price": 62824.26,
        "qty": 3.18319,
        "cumulative": 17.11435
      },
      {
        "side": "buy",
        "layer": 297,
        "price": 62816.29,
        "qty": 3.18126,
        "cumulative": 26.66006
      },
      {
        "side": "buy",
        "layer": 344,
        "price": 62808.32,
        "qty": 3.18126,
        "cumulative": 29.841320000000003
      },
      {
        "side": "buy",
        "layer": 453,
        "price": 62792.38,
        "qty": 3.18177,
        "cumulative": 23.478800000000003
      },
      {
        "side": "buy",
        "layer": 687,
        "price": 62749.31,
        "qty": 4.78569,
        "cumulative": 55.32504000000001
      },
      {
        "side": "buy",
        "layer": 819,
        "price": 62724.72,
        "qty": 4.78761,
        "cumulative": 50.539350000000006
      },
      {
        "side": "buy",
        "layer": 896,
        "price": 62709.62,
        "qty": 4.78871,
        "cumulative": 45.751740000000005
      },
      {
        "side": "buy",
        "layer": 919,
        "price": 62705.86,
        "qty": 4.789,
        "cumulative": 40.96303
      },
      {
        "side": "buy",
        "layer": 952,
        "price": 62699.48,
        "qty": 6.33271,
        "cumulative": 36.17403
      }
    ],
    "sells": [
      {
        "side": "sell",
        "layer": 1,
        "price": 62858.01,
        "qty": 2.74311,
        "cumulative": 5.92488
      },
      {
        "side": "sell",
        "layer": 9,
        "price": 62859,
        "qty": 0.47689,
        "cumulative": 8.20239
      },
      {
        "side": "sell",
        "layer": 17,
        "price": 62860.01,
        "qty": 1.28426,
        "cumulative": 7.20914
      },
      {
        "side": "sell",
        "layer": 18,
        "price": 62860.02,
        "qty": 0.51636,
        "cumulative": 7.725499999999999
      },
      {
        "side": "sell",
        "layer": 25,
        "price": 62861.97,
        "qty": 3.18177,
        "cumulative": 3.18177
      },
      {
        "side": "sell",
        "layer": 60,
        "price": 62866.29,
        "qty": 0.7963,
        "cumulative": 16.07995
      },
      {
        "side": "sell",
        "layer": 64,
        "price": 62866.48,
        "qty": 1.3075,
        "cumulative": 14.29497
      },
      {
        "side": "sell",
        "layer": 65,
        "price": 62866.49,
        "qty": 3.18177,
        "cumulative": 11.38416
      },
      {
        "side": "sell",
        "layer": 91,
        "price": 62869.98,
        "qty": 0.98868,
        "cumulative": 15.28365
      },
      {
        "side": "sell",
        "layer": 94,
        "price": 62870.1,
        "qty": 1.60331,
        "cumulative": 12.98747
      },
      {
        "side": "sell",
        "layer": 120,
        "price": 62873.54,
        "qty": 3.18126,
        "cumulative": 25.62433
      },
      {
        "side": "sell",
        "layer": 163,
        "price": 62879.23,
        "qty": 1.98078,
        "cumulative": 27.60511
      },
      {
        "side": "sell",
        "layer": 164,
        "price": 62879.24,
        "qty": 3.18135,
        "cumulative": 22.44307
      },
      {
        "side": "sell",
        "layer": 191,
        "price": 62883.14,
        "qty": 1.505,
        "cumulative": 29.11011
      },
      {
        "side": "sell",
        "layer": 192,
        "price": 62883.15,
        "qty": 3.18177,
        "cumulative": 19.26172
      },
      {
        "side": "sell",
        "layer": 229,
        "price": 62887.55,
        "qty": 3.18319,
        "cumulative": 47.95719
      },
      {
        "side": "sell",
        "layer": 314,
        "price": 62902.63,
        "qty": 3.18352,
        "cumulative": 44.773999999999994
      },
      {
        "side": "sell",
        "layer": 355,
        "price": 62912.28,
        "qty": 3.76533,
        "cumulative": 41.59047999999999
      },
      {
        "side": "sell",
        "layer": 430,
        "price": 62929.2,
        "qty": 4.772,
        "cumulative": 33.88211
      },
      {
        "side": "sell",
        "layer": 475,
        "price": 62938.55,
        "qty": 3.94304,
        "cumulative": 37.825149999999994
      },
      {
        "side": "sell",
        "layer": 558,
        "price": 62958.19,
        "qty": 4.76981,
        "cumulative": 58.974869999999996
      },
      {
        "side": "sell",
        "layer": 607,
        "price": 62970.23,
        "qty": 4.7689,
        "cumulative": 63.74377
      },
      {
        "side": "sell",
        "layer": 610,
        "price": 62970.88,
        "qty": 4.76885,
        "cumulative": 68.51262
      },
      {
        "side": "sell",
        "layer": 662,
        "price": 62984.72,
        "qty": 4.7678,
        "cumulative": 73.28041999999999
      },
      {
        "side": "sell",
        "layer": 746,
        "price": 63008.2,
        "qty": 6.24787,
        "cumulative": 54.205059999999996
      }
    ]
  },
  "updatedAt": 1783335720589
}