{
  "symbol": "btcusdt",
  "timeframe": "1m",
  "candle": {
    "startTime": 1783337640000,
    "open": 62970.01,
    "high": 62970.01,
    "low": 62956.72,
    "close": 62956.73,
    "volume": 522,
    "direction": "down",
    "volatility": 13.290000000000873,
    "totalVolume": 522
  },
  "trades": {
    "count": 101594,
    "buyVolume": 237.25352999995778,
    "sellVolume": 219.66091999995768,
    "bigTrades": [
      {
        "price": 62859.14,
        "qty": 1.0194,
        "side": "sell",
        "value": 64078.607316,
        "time": 1783333103521
      },
      {
        "price": 62859.14,
        "qty": 0.98503,
        "side": "sell",
        "value": 61918.138674199996,
        "time": 1783333103792
      },
      {
        "price": 62856,
        "qty": 1.0194,
        "side": "buy",
        "value": 64075.40640000001,
        "time": 1783333143863
      },
      {
        "price": 62837.83,
        "qty": 1.01947,
        "side": "buy",
        "value": 64061.28255010001,
        "time": 1783333252137
      },
      {
        "price": 62876.57,
        "qty": 1.22566,
        "side": "buy",
        "value": 77065.2967862,
        "time": 1783333781160
      },
      {
        "price": 62876.57,
        "qty": 1.18937,
        "side": "buy",
        "value": 74783.5060609,
        "time": 1783333781161
      },
      {
        "price": 62883.53,
        "qty": 1.43429,
        "side": "buy",
        "value": 90193.2182437,
        "time": 1783333781194
      },
      {
        "price": 62883.54,
        "qty": 2.0898,
        "side": "buy",
        "value": 131414.021892,
        "time": 1783333781194
      },
      {
        "price": 62876,
        "qty": 0.96248,
        "side": "sell",
        "value": 60516.89248,
        "time": 1783333894957
      },
      {
        "price": 62882.02,
        "qty": 0.82074,
        "side": "buy",
        "value": 51609.7890948,
        "time": 1783333943400
      },
      {
        "price": 62979.04,
        "qty": 0.95754,
        "side": "sell",
        "value": 60304.949961599996,
        "time": 1783334049589
      },
      {
        "price": 62959.26,
        "qty": 0.80457,
        "side": "sell",
        "value": 50655.1318182,
        "time": 1783334302077
      },
      {
        "price": 62959.26,
        "qty": 1.8,
        "side": "sell",
        "value": 113326.668,
        "time": 1783334302077
      },
      {
        "price": 62959.26,
        "qty": 0.85232,
        "side": "sell",
        "value": 53661.4364832,
        "time": 1783334302078
      },
      {
        "price": 63025,
        "qty": 0.8507,
        "side": "sell",
        "value": 53615.3675,
        "time": 1783334389856
      },
      {
        "price": 63000,
        "qty": 1.01318,
        "side": "sell",
        "value": 63830.34,
        "time": 1783334434959
      },
      {
        "price": 62918.49,
        "qty": 1.0409,
        "side": "buy",
        "value": 65491.856240999994,
        "time": 1783334802646
      },
      {
        "price": 62894,
        "qty": 0.966,
        "side": "sell",
        "value": 60755.604,
        "time": 1783334929433
      },
      {
        "price": 62871.46,
        "qty": 4.21317,
        "side": "sell",
        "value": 264888.14912819996,
        "time": 1783334970246
      },
      {
        "price": 62827.8,
        "qty": 0.9888,
        "side": "buy",
        "value": 62124.12864,
        "time": 1783335003475
      },
      {
        "price": 62827.8,
        "qty": 3.18352,
        "side": "buy",
        "value": 200013.55785600003,
        "time": 1783335003477
      },
      {
        "price": 62833.43,
        "qty": 0.99935,
        "side": "buy",
        "value": 62792.5882705,
        "time": 1783335197280
      },
      {
        "price": 62840.01,
        "qty": 0.8167,
        "side": "buy",
        "value": 51321.436167,
        "time": 1783335224033
      },
      {
        "price": 62820,
        "qty": 3.18369,
        "side": "buy",
        "value": 199999.4058,
        "time": 1783335565420
      },
      {
        "price": 62871.03,
        "qty": 1.36622,
        "side": "sell",
        "value": 85895.6586066,
        "time": 1783335908214
      },
      {
        "price": 62870.71,
        "qty": 0.86668,
        "side": "sell",
        "value": 54488.7869428,
        "time": 1783335926908
      },
      {
        "price": 62870.71,
        "qty": 4.77182,
        "side": "sell",
        "value": 300007.71139219997,
        "time": 1783335928709
      },
      {
        "price": 62864.76,
        "qty": 0.91128,
        "side": "sell",
        "value": 57287.3984928,
        "time": 1783335983408
      },
      {
        "price": 62850.01,
        "qty": 0.84409,
        "side": "buy",
        "value": 53051.0649409,
        "time": 1783335991595
      },
      {
        "price": 62819.85,
        "qty": 0.87148,
        "side": "sell",
        "value": 54746.242878,
        "time": 1783336539602
      },
      {
        "price": 62819.85,
        "qty": 1.1893,
        "side": "sell",
        "value": 74711.647605,
        "time": 1783336539603
      },
      {
        "price": 62807.68,
        "qty": 0.83728,
        "side": "sell",
        "value": 52587.6143104,
        "time": 1783336572523
      },
      {
        "price": 62800,
        "qty": 1.13713,
        "side": "buy",
        "value": 71411.764,
        "time": 1783336689607
      },
      {
        "price": 62819.85,
        "qty": 1.18931,
        "side": "buy",
        "value": 74712.2758035,
        "time": 1783336751623
      },
      {
        "price": 62835.04,
        "qty": 1.20917,
        "side": "buy",
        "value": 75978.2453168,
        "time": 1783336781936
      },
      {
        "price": 62835.05,
        "qty": 3.18369,
        "side": "buy",
        "value": 200047.3203345,
        "time": 1783336781937
      },
      {
        "price": 62838.85,
        "qty": 1.29174,
        "side": "buy",
        "value": 81171.456099,
        "time": 1783336781941
      },
      {
        "price": 62976.01,
        "qty": 1.01189,
        "side": "buy",
        "value": 63724.794758899996,
        "time": 1783337629736
      }
    ]
  },
  "depthImportant": {
    "buys": [
      {
        "side": "buy",
        "layer": 1,
        "price": 62956.72,
        "qty": 7.11339,
        "cumulative": 7.11339
      },
      {
        "side": "buy",
        "layer": 22,
        "price": 62953.54,
        "qty": 0.59622,
        "cumulative": 13.12192
      },
      {
        "side": "buy",
        "layer": 24,
        "price": 62953.52,
        "qty": 1.0825,
        "cumulative": 12.525699999999999
      },
      {
        "side": "buy",
        "layer": 28,
        "price": 62952.63,
        "qty": 3.17678,
        "cumulative": 10.29017
      },
      {
        "side": "buy",
        "layer": 50,
        "price": 62950.43,
        "qty": 1.15303,
        "cumulative": 11.4432
      },
      {
        "side": "buy",
        "layer": 61,
        "price": 62948.93,
        "qty": 0.66,
        "cumulative": 19.00345
      },
      {
        "side": "buy",
        "layer": 64,
        "price": 62948.3,
        "qty": 3.17678,
        "cumulative": 16.2987
      },
      {
        "side": "buy",
        "layer": 74,
        "price": 62947.32,
        "qty": 0.78761,
        "cumulative": 18.34345
      },
      {
        "side": "buy",
        "layer": 93,
        "price": 62944.93,
        "qty": 0.57248,
        "cumulative": 19.57593
      },
      {
        "side": "buy",
        "layer": 99,
        "price": 62944.35,
        "qty": 1.25714,
        "cumulative": 17.55584
      },
      {
        "side": "buy",
        "layer": 126,
        "price": 62942.02,
        "qty": 3.17678,
        "cumulative": 22.75271
      },
      {
        "side": "buy",
        "layer": 159,
        "price": 62937.68,
        "qty": 1.49576,
        "cumulative": 30.59783
      },
      {
        "side": "buy",
        "layer": 160,
        "price": 62937.57,
        "qty": 3.17468,
        "cumulative": 25.92739
      },
      {
        "side": "buy",
        "layer": 176,
        "price": 62934.55,
        "qty": 1.06118,
        "cumulative": 31.65901
      },
      {
        "side": "buy",
        "layer": 184,
        "price": 62932.8,
        "qty": 3.17468,
        "cumulative": 29.102069999999998
      },
      {
        "side": "buy",
        "layer": 245,
        "price": 62924.82,
        "qty": 3.17468,
        "cumulative": 38.0098
      },
      {
        "side": "buy",
        "layer": 285,
        "price": 62916.84,
        "qty": 3.17468,
        "cumulative": 41.18448
      },
      {
        "side": "buy",
        "layer": 344,
        "price": 62909.33,
        "qty": 3.17611,
        "cumulative": 34.835119999999996
      },
      {
        "side": "buy",
        "layer": 413,
        "price": 62897.07,
        "qty": 2.40256,
        "cumulative": 43.58704
      },
      {
        "side": "buy",
        "layer": 493,
        "price": 62877.21,
        "qty": 1.63347,
        "cumulative": 45.220510000000004
      },
      {
        "side": "buy",
        "layer": 677,
        "price": 62833.02,
        "qty": 4.77921,
        "cumulative": 70.72912000000001
      },
      {
        "side": "buy",
        "layer": 701,
        "price": 62826.93,
        "qty": 4.77967,
        "cumulative": 65.94991
      },
      {
        "side": "buy",
        "layer": 759,
        "price": 62810.25,
        "qty": 6.38121,
        "cumulative": 51.60172000000001
      },
      {
        "side": "buy",
        "layer": 807,
        "price": 62791.41,
        "qty": 4.78233,
        "cumulative": 61.17024000000001
      },
      {
        "side": "buy",
        "layer": 946,
        "price": 62741.4,
        "qty": 4.78619,
        "cumulative": 56.387910000000005
      }
    ],
    "sells": [
      {
        "side": "sell",
        "layer": 1,
        "price": 62956.73,
        "qty": 0.16962,
        "cumulative": 0.6776099999999999
      },
      {
        "side": "sell",
        "layer": 25,
        "price": 62961.84,
        "qty": 0.11017,
        "cumulative": 0.7877799999999999
      },
      {
        "side": "sell",
        "layer": 28,
        "price": 62962.17,
        "qty": 0.08902,
        "cumulative": 0.8767999999999999
      },
      {
        "side": "sell",
        "layer": 33,
        "price": 62963.03,
        "qty": 0.27254,
        "cumulative": 0.27254
      },
      {
        "side": "sell",
        "layer": 41,
        "price": 62964.18,
        "qty": 0.23545,
        "cumulative": 0.5079899999999999
      },
      {
        "side": "sell",
        "layer": 55,
        "price": 62966.16,
        "qty": 0.4768,
        "cumulative": 1.8443099999999997
      },
      {
        "side": "sell",
        "layer": 62,
        "price": 62966.76,
        "qty": 0.39648,
        "cumulative": 2.7169899999999996
      },
      {
        "side": "sell",
        "layer": 78,
        "price": 62968.82,
        "qty": 0.49071,
        "cumulative": 1.3675099999999998
      },
      {
        "side": "sell",
        "layer": 81,
        "price": 62969.31,
        "qty": 0.4762,
        "cumulative": 2.3205099999999996
      },
      {
        "side": "sell",
        "layer": 83,
        "price": 62969.33,
        "qty": 0.22819,
        "cumulative": 2.9451799999999997
      },
      {
        "side": "sell",
        "layer": 123,
        "price": 62973.12,
        "qty": 1.27932,
        "cumulative": 13.51364
      },
      {
        "side": "sell",
        "layer": 132,
        "price": 62974.7,
        "qty": 3.17678,
        "cumulative": 6.12196
      },
      {
        "side": "sell",
        "layer": 169,
        "price": 62979.07,
        "qty": 1.45264,
        "cumulative": 12.23432
      },
      {
        "side": "sell",
        "layer": 170,
        "price": 62979.08,
        "qty": 3.17611,
        "cumulative": 9.29807
      },
      {
        "side": "sell",
        "layer": 194,
        "price": 62982.46,
        "qty": 1.48361,
        "cumulative": 10.78168
      },
      {
        "side": "sell",
        "layer": 201,
        "price": 62983.94,
        "qty": 3.17611,
        "cumulative": 31.76426
      },
      {
        "side": "sell",
        "layer": 439,
        "price": 63017.97,
        "qty": 3.17678,
        "cumulative": 25.411369999999998
      },
      {
        "side": "sell",
        "layer": 446,
        "price": 63019.08,
        "qty": 4.7651,
        "cumulative": 18.27874
      },
      {
        "side": "sell",
        "layer": 460,
        "price": 63020.63,
        "qty": 3.95585,
        "cumulative": 22.234589999999997
      },
      {
        "side": "sell",
        "layer": 491,
        "price": 63025.53,
        "qty": 3.17678,
        "cumulative": 28.58815
      },
      {
        "side": "sell",
        "layer": 525,
        "price": 63030.95,
        "qty": 4.7642,
        "cumulative": 43.204170000000005
      },
      {
        "side": "sell",
        "layer": 784,
        "price": 63069.04,
        "qty": 4.76132,
        "cumulative": 47.96549
      },
      {
        "side": "sell",
        "layer": 846,
        "price": 63081.34,
        "qty": 4.7604,
        "cumulative": 52.72589
      },
      {
        "side": "sell",
        "layer": 867,
        "price": 63085.81,
        "qty": 4.76006,
        "cumulative": 57.48595
      },
      {
        "side": "sell",
        "layer": 978,
        "price": 63118.32,
        "qty": 6.67571,
        "cumulative": 38.43997
      }
    ]
  },
  "updatedAt": 1783337700374
}