{
  "symbol": "btcusdt",
  "timeframe": "1m",
  "candle": {
    "startTime": 1783339440000,
    "open": 61981.6,
    "high": 62036,
    "low": 61920,
    "close": 61920.01,
    "volume": 16912,
    "direction": "down",
    "volatility": 116,
    "totalVolume": 16912
  },
  "trades": {
    "count": 112300,
    "buyVolume": 321.6289699999956,
    "sellVolume": 559.5629900000124,
    "bigTrades": [
      {
        "price": 62625.23,
        "qty": 1,
        "side": "sell",
        "value": 62625.23,
        "time": 1783339167026
      },
      {
        "price": 62620,
        "qty": 1.24966,
        "side": "sell",
        "value": 78253.7092,
        "time": 1783339167031
      },
      {
        "price": 62619.99,
        "qty": 3.19386,
        "side": "sell",
        "value": 199999.48126139998,
        "time": 1783339167031
      },
      {
        "price": 62613.03,
        "qty": 0.91264,
        "side": "buy",
        "value": 57143.1556992,
        "time": 1783339170937
      },
      {
        "price": 62622.48,
        "qty": 0.97939,
        "side": "buy",
        "value": 61331.8306872,
        "time": 1783339171185
      },
      {
        "price": 62645.12,
        "qty": 3.19284,
        "side": "sell",
        "value": 200015.84494080002,
        "time": 1783339171642
      },
      {
        "price": 62645.11,
        "qty": 3.19284,
        "side": "sell",
        "value": 200015.8130124,
        "time": 1783339171649
      },
      {
        "price": 62645.11,
        "qty": 1.10606,
        "side": "sell",
        "value": 69289.2503666,
        "time": 1783339171649
      },
      {
        "price": 62643.83,
        "qty": 0.94539,
        "side": "sell",
        "value": 59222.8504437,
        "time": 1783339171651
      },
      {
        "price": 62596.8,
        "qty": 1.54804,
        "side": "sell",
        "value": 96902.35027200001,
        "time": 1783339180632
      },
      {
        "price": 62596.79,
        "qty": 3.19397,
        "side": "sell",
        "value": 199932.2693563,
        "time": 1783339180632
      },
      {
        "price": 62591.28,
        "qty": 1.50598,
        "side": "sell",
        "value": 94261.2158544,
        "time": 1783339180635
      },
      {
        "price": 62591.27,
        "qty": 3.19397,
        "side": "sell",
        "value": 199914.6386419,
        "time": 1783339180635
      },
      {
        "price": 62591.24,
        "qty": 0.79935,
        "side": "sell",
        "value": 50032.307693999996,
        "time": 1783339180635
      },
      {
        "price": 62585.85,
        "qty": 1.66785,
        "side": "sell",
        "value": 104383.8099225,
        "time": 1783339180639
      },
      {
        "price": 62585.84,
        "qty": 3.19397,
        "side": "sell",
        "value": 199897.2953848,
        "time": 1783339180639
      },
      {
        "price": 62585.82,
        "qty": 1.1119,
        "side": "sell",
        "value": 69589.17325800001,
        "time": 1783339180639
      },
      {
        "price": 62576.12,
        "qty": 3.19397,
        "side": "sell",
        "value": 199866.24999640003,
        "time": 1783339180648
      },
      {
        "price": 62567.67,
        "qty": 1.86176,
        "side": "sell",
        "value": 116485.98529920001,
        "time": 1783339180840
      },
      {
        "price": 62567.66,
        "qty": 3.19397,
        "side": "sell",
        "value": 199839.2290102,
        "time": 1783339180840
      },
      {
        "price": 62567.4,
        "qty": 1.5838,
        "side": "sell",
        "value": 99094.24812,
        "time": 1783339180841
      },
      {
        "price": 62562.02,
        "qty": 2.5316,
        "side": "sell",
        "value": 158382.009832,
        "time": 1783339180847
      },
      {
        "price": 62562.01,
        "qty": 3.19397,
        "side": "sell",
        "value": 199821.18307970001,
        "time": 1783339180848
      },
      {
        "price": 62561.44,
        "qty": 1.61122,
        "side": "sell",
        "value": 100800.24335680001,
        "time": 1783339180848
      },
      {
        "price": 62560.27,
        "qty": 1.58398,
        "side": "sell",
        "value": 99094.21647459999,
        "time": 1783339180849
      },
      {
        "price": 62555.57,
        "qty": 1.21156,
        "side": "sell",
        "value": 75789.8263892,
        "time": 1783339180853
      },
      {
        "price": 62554.94,
        "qty": 1.58412,
        "side": "sell",
        "value": 99094.5315528,
        "time": 1783339180855
      },
      {
        "price": 62550.51,
        "qty": 3.19397,
        "side": "sell",
        "value": 199784.45242470002,
        "time": 1783339180860
      },
      {
        "price": 62547.69,
        "qty": 1.5843,
        "side": "sell",
        "value": 99094.305267,
        "time": 1783339180865
      },
      {
        "price": 62545,
        "qty": 10.32253,
        "side": "buy",
        "value": 645622.63885,
        "time": 1783339180868
      },
      {
        "price": 62545,
        "qty": 3.82692,
        "side": "buy",
        "value": 239354.7114,
        "time": 1783339180872
      },
      {
        "price": 62545,
        "qty": 3.13733,
        "side": "buy",
        "value": 196224.30485,
        "time": 1783339180872
      },
      {
        "price": 62545,
        "qty": 1.60037,
        "side": "buy",
        "value": 100095.14165,
        "time": 1783339180872
      },
      {
        "price": 62545,
        "qty": 7.05864,
        "side": "buy",
        "value": 441482.63879999996,
        "time": 1783339180872
      },
      {
        "price": 62599.83,
        "qty": 1.28,
        "side": "sell",
        "value": 80127.78240000001,
        "time": 1783339185272
      },
      {
        "price": 62599.83,
        "qty": 5.12,
        "side": "sell",
        "value": 320511.12960000004,
        "time": 1783339185272
      },
      {
        "price": 62520,
        "qty": 0.87933,
        "side": "sell",
        "value": 54975.711599999995,
        "time": 1783339190853
      },
      {
        "price": 62500.01,
        "qty": 2.82282,
        "side": "sell",
        "value": 176426.2782282,
        "time": 1783339198322
      },
      {
        "price": 62500.01,
        "qty": 0.99666,
        "side": "sell",
        "value": 62291.2599666,
        "time": 1783339198323
      },
      {
        "price": 62500.01,
        "qty": 0.94893,
        "side": "sell",
        "value": 59308.134489300006,
        "time": 1783339198323
      },
      {
        "price": 62500,
        "qty": 0.92892,
        "side": "sell",
        "value": 58057.5,
        "time": 1783339198559
      },
      {
        "price": 62500,
        "qty": 1.41546,
        "side": "sell",
        "value": 88466.25,
        "time": 1783339198559
      },
      {
        "price": 62500,
        "qty": 1.21637,
        "side": "sell",
        "value": 76023.125,
        "time": 1783339198565
      },
      {
        "price": 62500,
        "qty": 0.82232,
        "side": "sell",
        "value": 51395,
        "time": 1783339198569
      },
      {
        "price": 62443.38,
        "qty": 1.40548,
        "side": "sell",
        "value": 87762.9217224,
        "time": 1783339208248
      },
      {
        "price": 62414.02,
        "qty": 1.48808,
        "side": "buy",
        "value": 92877.0548816,
        "time": 1783339208852
      },
      {
        "price": 62417.96,
        "qty": 1.21145,
        "side": "buy",
        "value": 75616.237642,
        "time": 1783339208897
      },
      {
        "price": 62417.96,
        "qty": 3.20435,
        "side": "buy",
        "value": 200008.990126,
        "time": 1783339208897
      },
      {
        "price": 62417.97,
        "qty": 1.40145,
        "side": "buy",
        "value": 87475.66405650001,
        "time": 1783339208897
      },
      {
        "price": 62415.28,
        "qty": 1.53707,
        "side": "buy",
        "value": 95936.65442959999,
        "time": 1783339208912
      },
      {
        "price": 62417.97,
        "qty": 3.20435,
        "side": "buy",
        "value": 200009.02216949998,
        "time": 1783339208913
      },
      {
        "price": 62400,
        "qty": 1.01496,
        "side": "sell",
        "value": 63333.50400000001,
        "time": 1783339212201
      },
      {
        "price": 62390,
        "qty": 1.05578,
        "side": "buy",
        "value": 65870.1142,
        "time": 1783339212750
      },
      {
        "price": 62394.6,
        "qty": 3.2054,
        "side": "buy",
        "value": 199999.65084,
        "time": 1783339213945
      },
      {
        "price": 62409.99,
        "qty": 0.88258,
        "side": "buy",
        "value": 55081.8089742,
        "time": 1783339219360
      },
      {
        "price": 62300,
        "qty": 1.11511,
        "side": "sell",
        "value": 69471.353,
        "time": 1783339226001
      },
      {
        "price": 62286.14,
        "qty": 1.5398,
        "side": "sell",
        "value": 95908.198372,
        "time": 1783339226121
      },
      {
        "price": 62299,
        "qty": 1.81578,
        "side": "buy",
        "value": 113121.27822,
        "time": 1783339229389
      },
      {
        "price": 62300.14,
        "qty": 1.18611,
        "side": "sell",
        "value": 73894.8190554,
        "time": 1783339229857
      },
      {
        "price": 62298.33,
        "qty": 1.61664,
        "side": "sell",
        "value": 100713.9722112,
        "time": 1783339229858
      },
      {
        "price": 62298.32,
        "qty": 2.03002,
        "side": "sell",
        "value": 126466.8355664,
        "time": 1783339229858
      },
      {
        "price": 62297,
        "qty": 1.07241,
        "side": "sell",
        "value": 66807.92577,
        "time": 1783339229858
      },
      {
        "price": 62200,
        "qty": 0.93771,
        "side": "sell",
        "value": 58325.562000000005,
        "time": 1783339233657
      },
      {
        "price": 62200,
        "qty": 0.999,
        "side": "sell",
        "value": 62137.8,
        "time": 1783339233658
      },
      {
        "price": 62308.13,
        "qty": 1.31873,
        "side": "sell",
        "value": 82167.60027489999,
        "time": 1783339257201
      },
      {
        "price": 62302.98,
        "qty": 0.98268,
        "side": "sell",
        "value": 61223.8923864,
        "time": 1783339257203
      },
      {
        "price": 62212.87,
        "qty": 0.8665,
        "side": "sell",
        "value": 53907.45185500001,
        "time": 1783339318357
      },
      {
        "price": 62210.08,
        "qty": 0.8665,
        "side": "sell",
        "value": 53905.034320000006,
        "time": 1783339318359
      },
      {
        "price": 62206.65,
        "qty": 1.27009,
        "side": "sell",
        "value": 79008.0440985,
        "time": 1783339318362
      },
      {
        "price": 62206.64,
        "qty": 3.2146,
        "side": "sell",
        "value": 199969.46494399998,
        "time": 1783339318362
      },
      {
        "price": 62206.62,
        "qty": 0.8665,
        "side": "sell",
        "value": 53902.036230000005,
        "time": 1783339318362
      },
      {
        "price": 62202.76,
        "qty": 0.8665,
        "side": "sell",
        "value": 53898.69154000001,
        "time": 1783339318363
      },
      {
        "price": 62200.12,
        "qty": 2.46707,
        "side": "sell",
        "value": 153452.0500484,
        "time": 1783339318365
      },
      {
        "price": 62223.08,
        "qty": 1.27396,
        "side": "buy",
        "value": 79269.7149968,
        "time": 1783339321973
      },
      {
        "price": 62223.08,
        "qty": 6.58978,
        "side": "buy",
        "value": 410036.4081224,
        "time": 1783339321975
      },
      {
        "price": 62200,
        "qty": 10.7551,
        "side": "sell",
        "value": 668967.2200000001,
        "time": 1783339325801
      },
      {
        "price": 62200,
        "qty": 0.89401,
        "side": "sell",
        "value": 55607.422,
        "time": 1783339325807
      },
      {
        "price": 62200,
        "qty": 1.70273,
        "side": "sell",
        "value": 105909.80600000001,
        "time": 1783339325810
      },
      {
        "price": 62200,
        "qty": 0.89268,
        "side": "sell",
        "value": 55524.696,
        "time": 1783339325843
      },
      {
        "price": 62100,
        "qty": 1.09009,
        "side": "sell",
        "value": 67694.589,
        "time": 1783339330028
      },
      {
        "price": 62100,
        "qty": 1.48898,
        "side": "sell",
        "value": 92465.658,
        "time": 1783339330029
      },
      {
        "price": 62103.99,
        "qty": 1.01942,
        "side": "sell",
        "value": 63310.049485799995,
        "time": 1783339334318
      },
      {
        "price": 62110.95,
        "qty": 0.8861,
        "side": "buy",
        "value": 55036.512794999995,
        "time": 1783339334679
      },
      {
        "price": 62096.03,
        "qty": 0.8693,
        "side": "sell",
        "value": 53980.07887899999,
        "time": 1783339342315
      },
      {
        "price": 62096,
        "qty": 0.85691,
        "side": "sell",
        "value": 53210.683359999995,
        "time": 1783339342316
      },
      {
        "price": 62093.51,
        "qty": 0.8693,
        "side": "sell",
        "value": 53977.888243,
        "time": 1783339342319
      },
      {
        "price": 62091.01,
        "qty": 0.8693,
        "side": "sell",
        "value": 53975.714993,
        "time": 1783339342321
      },
      {
        "price": 62088.46,
        "qty": 0.8693,
        "side": "sell",
        "value": 53973.498278,
        "time": 1783339342458
      },
      {
        "price": 62085.83,
        "qty": 0.8693,
        "side": "sell",
        "value": 53971.212019,
        "time": 1783339342461
      },
      {
        "price": 62123.75,
        "qty": 1.75628,
        "side": "buy",
        "value": 109106.69965000001,
        "time": 1783339353597
      },
      {
        "price": 62121.26,
        "qty": 0.82867,
        "side": "buy",
        "value": 51478.0245242,
        "time": 1783339371542
      },
      {
        "price": 62079,
        "qty": 3.18863,
        "side": "sell",
        "value": 197946.96177,
        "time": 1783339382715
      },
      {
        "price": 62079,
        "qty": 3.52805,
        "side": "sell",
        "value": 219017.81595,
        "time": 1783339382848
      },
      {
        "price": 62074.7,
        "qty": 0.9937,
        "side": "sell",
        "value": 61683.62939,
        "time": 1783339383062
      },
      {
        "price": 62100,
        "qty": 1.65216,
        "side": "buy",
        "value": 102599.136,
        "time": 1783339387760
      },
      {
        "price": 62100,
        "qty": 1,
        "side": "buy",
        "value": 62100,
        "time": 1783339387760
      },
      {
        "price": 62100,
        "qty": 4,
        "side": "buy",
        "value": 248400,
        "time": 1783339387761
      },
      {
        "price": 62100,
        "qty": 2.4246,
        "side": "buy",
        "value": 150567.66,
        "time": 1783339387798
      },
      {
        "price": 62100,
        "qty": 1,
        "side": "buy",
        "value": 62100,
        "time": 1783339387798
      },
      {
        "price": 62100,
        "qty": 1,
        "side": "buy",
        "value": 62100,
        "time": 1783339387802
      },
      {
        "price": 62100,
        "qty": 1,
        "side": "buy",
        "value": 62100,
        "time": 1783339387802
      },
      {
        "price": 62100,
        "qty": 1,
        "side": "buy",
        "value": 62100,
        "time": 1783339387802
      },
      {
        "price": 62100,
        "qty": 1,
        "side": "buy",
        "value": 62100,
        "time": 1783339387803
      },
      {
        "price": 62100,
        "qty": 1,
        "side": "buy",
        "value": 62100,
        "time": 1783339387806
      },
      {
        "price": 62100,
        "qty": 0.95156,
        "side": "buy",
        "value": 59091.876,
        "time": 1783339387807
      },
      {
        "price": 62100,
        "qty": 1,
        "side": "buy",
        "value": 62100,
        "time": 1783339387810
      },
      {
        "price": 62100,
        "qty": 1.00834,
        "side": "buy",
        "value": 62617.914000000004,
        "time": 1783339387810
      },
      {
        "price": 62100,
        "qty": 1.30233,
        "side": "buy",
        "value": 80874.693,
        "time": 1783339387830
      },
      {
        "price": 62100,
        "qty": 1.36059,
        "side": "buy",
        "value": 84492.639,
        "time": 1783339387833
      },
      {
        "price": 62100,
        "qty": 1.01053,
        "side": "buy",
        "value": 62753.91299999999,
        "time": 1783339387846
      },
      {
        "price": 62100,
        "qty": 0.91471,
        "side": "buy",
        "value": 56803.491,
        "time": 1783339387853
      },
      {
        "price": 62100,
        "qty": 9.11415,
        "side": "buy",
        "value": 565988.7150000001,
        "time": 1783339387862
      },
      {
        "price": 62056,
        "qty": 0.82776,
        "side": "sell",
        "value": 51367.47456,
        "time": 1783339404628
      },
      {
        "price": 62000,
        "qty": 0.92157,
        "side": "sell",
        "value": 57137.34,
        "time": 1783339406254
      },
      {
        "price": 62000,
        "qty": 1.24284,
        "side": "sell",
        "value": 77056.08,
        "time": 1783339406257
      },
      {
        "price": 62000,
        "qty": 0.86,
        "side": "sell",
        "value": 53320,
        "time": 1783339406266
      },
      {
        "price": 62000,
        "qty": 1,
        "side": "sell",
        "value": 62000,
        "time": 1783339406267
      },
      {
        "price": 62000,
        "qty": 2,
        "side": "sell",
        "value": 124000,
        "time": 1783339406269
      },
      {
        "price": 62000,
        "qty": 1.01032,
        "side": "sell",
        "value": 62639.840000000004,
        "time": 1783339406271
      },
      {
        "price": 62000,
        "qty": 5,
        "side": "sell",
        "value": 310000,
        "time": 1783339406275
      },
      {
        "price": 61964.45,
        "qty": 1.46846,
        "side": "buy",
        "value": 90992.316247,
        "time": 1783339411067
      },
      {
        "price": 62004.24,
        "qty": 0.87049,
        "side": "sell",
        "value": 53974.070877599996,
        "time": 1783339439087
      },
      {
        "price": 62001.52,
        "qty": 1.59827,
        "side": "sell",
        "value": 99095.1693704,
        "time": 1783339439089
      },
      {
        "price": 62001.25,
        "qty": 0.87049,
        "side": "sell",
        "value": 53971.4681125,
        "time": 1783339439089
      },
      {
        "price": 61998.72,
        "qty": 1.24939,
        "side": "sell",
        "value": 77460.5807808,
        "time": 1783339439090
      },
      {
        "price": 61998.71,
        "qty": 0.87049,
        "side": "sell",
        "value": 53969.2570679,
        "time": 1783339439090
      },
      {
        "price": 61998.07,
        "qty": 3.22381,
        "side": "sell",
        "value": 199869.9980467,
        "time": 1783339439091
      },
      {
        "price": 61994.6,
        "qty": 0.95158,
        "side": "sell",
        "value": 58992.821467999995,
        "time": 1783339439092
      },
      {
        "price": 61994.59,
        "qty": 0.87049,
        "side": "sell",
        "value": 53965.67064909999,
        "time": 1783339439092
      },
      {
        "price": 61994.17,
        "qty": 1.59846,
        "side": "sell",
        "value": 99095.2009782,
        "time": 1783339439092
      },
      {
        "price": 61992.51,
        "qty": 0.95182,
        "side": "sell",
        "value": 59005.7108682,
        "time": 1783339439093
      },
      {
        "price": 61990.21,
        "qty": 3.22381,
        "side": "sell",
        "value": 199844.65890009998,
        "time": 1783339439094
      },
      {
        "price": 61990.04,
        "qty": 0.87191,
        "side": "sell",
        "value": 54049.7357764,
        "time": 1783339439094
      },
      {
        "price": 61987.91,
        "qty": 0.83675,
        "side": "sell",
        "value": 51868.3836925,
        "time": 1783339439095
      },
      {
        "price": 61987.9,
        "qty": 1.59862,
        "side": "sell",
        "value": 99095.096698,
        "time": 1783339439095
      },
      {
        "price": 61956.01,
        "qty": 2.40148,
        "side": "buy",
        "value": 148786.1188948,
        "time": 1783339458913
      },
      {
        "price": 61996.01,
        "qty": 0.87776,
        "side": "sell",
        "value": 54417.6177376,
        "time": 1783339470912
      }
    ]
  },
  "depthImportant": {
    "buys": [
      {
        "side": "buy",
        "layer": 1,
        "price": 61920,
        "qty": 1.56757,
        "cumulative": 1.56757
      },
      {
        "side": "buy",
        "layer": 3,
        "price": 61919.36,
        "qty": 0.09585,
        "cumulative": 2.16728
      },
      {
        "side": "buy",
        "layer": 7,
        "price": 61918.29,
        "qty": 0.09722,
        "cumulative": 2.07143
      },
      {
        "side": "buy",
        "layer": 33,
        "price": 61914.96,
        "qty": 0.40664,
        "cumulative": 1.9742099999999998
      },
      {
        "side": "buy",
        "layer": 37,
        "price": 61914.61,
        "qty": 0.08629,
        "cumulative": 2.25357
      },
      {
        "side": "buy",
        "layer": 54,
        "price": 61913.46,
        "qty": 0.7785,
        "cumulative": 11.68225
      },
      {
        "side": "buy",
        "layer": 57,
        "price": 61913.35,
        "qty": 0.6256,
        "cumulative": 12.30785
      },
      {
        "side": "buy",
        "layer": 58,
        "price": 61913.34,
        "qty": 1.93768,
        "cumulative": 9.35876
      },
      {
        "side": "buy",
        "layer": 78,
        "price": 61910.81,
        "qty": 1.54499,
        "cumulative": 10.90375
      },
      {
        "side": "buy",
        "layer": 79,
        "price": 61910.8,
        "qty": 5.16751,
        "cumulative": 7.42108
      },
      {
        "side": "buy",
        "layer": 103,
        "price": 61908.08,
        "qty": 2.17357,
        "cumulative": 35.51725
      },
      {
        "side": "buy",
        "layer": 132,
        "price": 61905.42,
        "qty": 3.70603,
        "cumulative": 30.11423
      },
      {
        "side": "buy",
        "layer": 189,
        "price": 61900.34,
        "qty": 4.8384,
        "cumulative": 26.4082
      },
      {
        "side": "buy",
        "layer": 190,
        "price": 61900.33,
        "qty": 3.22945,
        "cumulative": 33.34368
      },
      {
        "side": "buy",
        "layer": 199,
        "price": 61900,
        "qty": 9.26195,
        "cumulative": 21.5698
      },
      {
        "side": "buy",
        "layer": 250,
        "price": 61893.26,
        "qty": 3.22945,
        "cumulative": 57.01722
      },
      {
        "side": "buy",
        "layer": 285,
        "price": 61888.14,
        "qty": 3.22945,
        "cumulative": 60.24667
      },
      {
        "side": "buy",
        "layer": 286,
        "price": 61888.12,
        "qty": 4.79299,
        "cumulative": 50.55794
      },
      {
        "side": "buy",
        "layer": 290,
        "price": 61888,
        "qty": 10.2477,
        "cumulative": 45.76495
      },
      {
        "side": "buy",
        "layer": 474,
        "price": 61863.66,
        "qty": 3.22983,
        "cumulative": 53.78777
      },
      {
        "side": "buy",
        "layer": 749,
        "price": 61810.47,
        "qty": 6.66283,
        "cumulative": 74.9545
      },
      {
        "side": "buy",
        "layer": 795,
        "price": 61800,
        "qty": 8.045,
        "cumulative": 68.29167
      },
      {
        "side": "buy",
        "layer": 800,
        "price": 61799.22,
        "qty": 4.85911,
        "cumulative": 89.54039
      },
      {
        "side": "buy",
        "layer": 915,
        "price": 61760.05,
        "qty": 4.86229,
        "cumulative": 84.68128
      },
      {
        "side": "buy",
        "layer": 989,
        "price": 61730.81,
        "qty": 4.86449,
        "cumulative": 79.81899
      }
    ],
    "sells": [
      {
        "side": "sell",
        "layer": 1,
        "price": 61920.01,
        "qty": 1.79984,
        "cumulative": 10.84271
      },
      {
        "side": "sell",
        "layer": 19,
        "price": 61927.22,
        "qty": 1.93768,
        "cumulative": 5.16751
      },
      {
        "side": "sell",
        "layer": 29,
        "price": 61929.85,
        "qty": 1.93768,
        "cumulative": 7.10519
      },
      {
        "side": "sell",
        "layer": 40,
        "price": 61932.54,
        "qty": 3.22983,
        "cumulative": 3.22983
      },
      {
        "side": "sell",
        "layer": 41,
        "price": 61932.58,
        "qty": 1.93768,
        "cumulative": 9.04287
      },
      {
        "side": "sell",
        "layer": 55,
        "price": 61936.95,
        "qty": 1.93768,
        "cumulative": 21.17697
      },
      {
        "side": "sell",
        "layer": 65,
        "price": 61939.28,
        "qty": 3.22945,
        "cumulative": 19.23929
      },
      {
        "side": "sell",
        "layer": 75,
        "price": 61940.62,
        "qty": 1.93768,
        "cumulative": 23.11465
      },
      {
        "side": "sell",
        "layer": 88,
        "price": 61943.17,
        "qty": 1.84564,
        "cumulative": 24.96029
      },
      {
        "side": "sell",
        "layer": 89,
        "price": 61943.18,
        "qty": 5.16713,
        "cumulative": 16.00984
      },
      {
        "side": "sell",
        "layer": 120,
        "price": 61948.01,
        "qty": 3.22799,
        "cumulative": 34.64935
      },
      {
        "side": "sell",
        "layer": 127,
        "price": 61948.96,
        "qty": 2.50979,
        "cumulative": 40.38713
      },
      {
        "side": "sell",
        "layer": 141,
        "price": 61951.8,
        "qty": 3.22808,
        "cumulative": 31.42136
      },
      {
        "side": "sell",
        "layer": 156,
        "price": 61956,
        "qty": 3.23299,
        "cumulative": 28.19328
      },
      {
        "side": "sell",
        "layer": 174,
        "price": 61961.45,
        "qty": 3.22799,
        "cumulative": 37.87734
      },
      {
        "side": "sell",
        "layer": 203,
        "price": 61965.64,
        "qty": 4.19587,
        "cumulative": 44.583
      },
      {
        "side": "sell",
        "layer": 223,
        "price": 61969.46,
        "qty": 3.22799,
        "cumulative": 54.834959999999995
      },
      {
        "side": "sell",
        "layer": 242,
        "price": 61973.37,
        "qty": 3.22945,
        "cumulative": 51.60697
      },
      {
        "side": "sell",
        "layer": 494,
        "price": 62033.56,
        "qty": 2.50106,
        "cumulative": 57.33602
      },
      {
        "side": "sell",
        "layer": 498,
        "price": 62034.25,
        "qty": 3.79452,
        "cumulative": 48.37752
      },
      {
        "side": "sell",
        "layer": 656,
        "price": 62082.09,
        "qty": 4.83697,
        "cumulative": 68.85895
      },
      {
        "side": "sell",
        "layer": 657,
        "price": 62082.17,
        "qty": 4.83696,
        "cumulative": 73.69591
      },
      {
        "side": "sell",
        "layer": 739,
        "price": 62108.97,
        "qty": 4.83487,
        "cumulative": 78.53078
      },
      {
        "side": "sell",
        "layer": 812,
        "price": 62132.05,
        "qty": 6.68596,
        "cumulative": 64.02198
      },
      {
        "side": "sell",
        "layer": 902,
        "price": 62168.18,
        "qty": 4.83027,
        "cumulative": 83.36104999999999
      }
    ]
  },
  "updatedAt": 1783339500264
}