{
  "symbol": "btcusdt",
  "timeframe": "1m",
  "candle": {
    "startTime": 1783337880000,
    "open": 62938.08,
    "high": 62938.09,
    "low": 62890,
    "close": 62890,
    "volume": 1511,
    "direction": "down",
    "volatility": 48.08999999999651,
    "totalVolume": 1511
  },
  "trades": {
    "count": 105260,
    "buyVolume": 241.3966899999568,
    "sellVolume": 224.5824799999552,
    "bigTrades": [
      {
        "price": 62859.14,
        "qty": 1.0194,
        "side": "sell",
        "value": 64078.607316,
        "time": 1783333103521
      },
      {
        "price": 62859.14,
        "qty": 0.98503,
        "side": "sell",
        "value": 61918.138674199996,
        "time": 1783333103792
      },
      {
        "price": 62856,
        "qty": 1.0194,
        "side": "buy",
        "value": 64075.40640000001,
        "time": 1783333143863
      },
      {
        "price": 62837.83,
        "qty": 1.01947,
        "side": "buy",
        "value": 64061.28255010001,
        "time": 1783333252137
      },
      {
        "price": 62876.57,
        "qty": 1.22566,
        "side": "buy",
        "value": 77065.2967862,
        "time": 1783333781160
      },
      {
        "price": 62876.57,
        "qty": 1.18937,
        "side": "buy",
        "value": 74783.5060609,
        "time": 1783333781161
      },
      {
        "price": 62883.53,
        "qty": 1.43429,
        "side": "buy",
        "value": 90193.2182437,
        "time": 1783333781194
      },
      {
        "price": 62883.54,
        "qty": 2.0898,
        "side": "buy",
        "value": 131414.021892,
        "time": 1783333781194
      },
      {
        "price": 62876,
        "qty": 0.96248,
        "side": "sell",
        "value": 60516.89248,
        "time": 1783333894957
      },
      {
        "price": 62882.02,
        "qty": 0.82074,
        "side": "buy",
        "value": 51609.7890948,
        "time": 1783333943400
      },
      {
        "price": 62979.04,
        "qty": 0.95754,
        "side": "sell",
        "value": 60304.949961599996,
        "time": 1783334049589
      },
      {
        "price": 62959.26,
        "qty": 0.80457,
        "side": "sell",
        "value": 50655.1318182,
        "time": 1783334302077
      },
      {
        "price": 62959.26,
        "qty": 1.8,
        "side": "sell",
        "value": 113326.668,
        "time": 1783334302077
      },
      {
        "price": 62959.26,
        "qty": 0.85232,
        "side": "sell",
        "value": 53661.4364832,
        "time": 1783334302078
      },
      {
        "price": 63025,
        "qty": 0.8507,
        "side": "sell",
        "value": 53615.3675,
        "time": 1783334389856
      },
      {
        "price": 63000,
        "qty": 1.01318,
        "side": "sell",
        "value": 63830.34,
        "time": 1783334434959
      },
      {
        "price": 62918.49,
        "qty": 1.0409,
        "side": "buy",
        "value": 65491.856240999994,
        "time": 1783334802646
      },
      {
        "price": 62894,
        "qty": 0.966,
        "side": "sell",
        "value": 60755.604,
        "time": 1783334929433
      },
      {
        "price": 62871.46,
        "qty": 4.21317,
        "side": "sell",
        "value": 264888.14912819996,
        "time": 1783334970246
      },
      {
        "price": 62827.8,
        "qty": 0.9888,
        "side": "buy",
        "value": 62124.12864,
        "time": 1783335003475
      },
      {
        "price": 62827.8,
        "qty": 3.18352,
        "side": "buy",
        "value": 200013.55785600003,
        "time": 1783335003477
      },
      {
        "price": 62833.43,
        "qty": 0.99935,
        "side": "buy",
        "value": 62792.5882705,
        "time": 1783335197280
      },
      {
        "price": 62840.01,
        "qty": 0.8167,
        "side": "buy",
        "value": 51321.436167,
        "time": 1783335224033
      },
      {
        "price": 62820,
        "qty": 3.18369,
        "side": "buy",
        "value": 199999.4058,
        "time": 1783335565420
      },
      {
        "price": 62871.03,
        "qty": 1.36622,
        "side": "sell",
        "value": 85895.6586066,
        "time": 1783335908214
      },
      {
        "price": 62870.71,
        "qty": 0.86668,
        "side": "sell",
        "value": 54488.7869428,
        "time": 1783335926908
      },
      {
        "price": 62870.71,
        "qty": 4.77182,
        "side": "sell",
        "value": 300007.71139219997,
        "time": 1783335928709
      },
      {
        "price": 62864.76,
        "qty": 0.91128,
        "side": "sell",
        "value": 57287.3984928,
        "time": 1783335983408
      },
      {
        "price": 62850.01,
        "qty": 0.84409,
        "side": "buy",
        "value": 53051.0649409,
        "time": 1783335991595
      },
      {
        "price": 62819.85,
        "qty": 0.87148,
        "side": "sell",
        "value": 54746.242878,
        "time": 1783336539602
      },
      {
        "price": 62819.85,
        "qty": 1.1893,
        "side": "sell",
        "value": 74711.647605,
        "time": 1783336539603
      },
      {
        "price": 62807.68,
        "qty": 0.83728,
        "side": "sell",
        "value": 52587.6143104,
        "time": 1783336572523
      },
      {
        "price": 62800,
        "qty": 1.13713,
        "side": "buy",
        "value": 71411.764,
        "time": 1783336689607
      },
      {
        "price": 62819.85,
        "qty": 1.18931,
        "side": "buy",
        "value": 74712.2758035,
        "time": 1783336751623
      },
      {
        "price": 62835.04,
        "qty": 1.20917,
        "side": "buy",
        "value": 75978.2453168,
        "time": 1783336781936
      },
      {
        "price": 62835.05,
        "qty": 3.18369,
        "side": "buy",
        "value": 200047.3203345,
        "time": 1783336781937
      },
      {
        "price": 62838.85,
        "qty": 1.29174,
        "side": "buy",
        "value": 81171.456099,
        "time": 1783336781941
      },
      {
        "price": 62976.01,
        "qty": 1.01189,
        "side": "buy",
        "value": 63724.794758899996,
        "time": 1783337629736
      }
    ]
  },
  "depthImportant": {
    "buys": [
      {
        "side": "buy",
        "layer": 1,
        "price": 62890,
        "qty": 0.23481,
        "cumulative": 0.23481
      },
      {
        "side": "buy",
        "layer": 20,
        "price": 62884.02,
        "qty": 0.14622,
        "cumulative": 0.57073
      },
      {
        "side": "buy",
        "layer": 21,
        "price": 62884.01,
        "qty": 0.08616,
        "cumulative": 0.65689
      },
      {
        "side": "buy",
        "layer": 34,
        "price": 62882.62,
        "qty": 0.08616,
        "cumulative": 0.74305
      },
      {
        "side": "buy",
        "layer": 42,
        "price": 62881.46,
        "qty": 0.1897,
        "cumulative": 0.42451
      },
      {
        "side": "buy",
        "layer": 53,
        "price": 62880,
        "qty": 0.124,
        "cumulative": 1.34946
      },
      {
        "side": "buy",
        "layer": 67,
        "price": 62878.49,
        "qty": 0.25741,
        "cumulative": 1.00046
      },
      {
        "side": "buy",
        "layer": 68,
        "price": 62878.48,
        "qty": 0.225,
        "cumulative": 1.22546
      },
      {
        "side": "buy",
        "layer": 73,
        "price": 62877.93,
        "qty": 0.08641,
        "cumulative": 1.4358700000000002
      },
      {
        "side": "buy",
        "layer": 94,
        "price": 62875.93,
        "qty": 0.08609,
        "cumulative": 1.5219600000000002
      },
      {
        "side": "buy",
        "layer": 108,
        "price": 62874.74,
        "qty": 0.74389,
        "cumulative": 11.031940000000002
      },
      {
        "side": "buy",
        "layer": 136,
        "price": 62871.89,
        "qty": 1.21638,
        "cumulative": 9.096620000000001
      },
      {
        "side": "buy",
        "layer": 137,
        "price": 62871.88,
        "qty": 3.17914,
        "cumulative": 4.7011
      },
      {
        "side": "buy",
        "layer": 167,
        "price": 62866.97,
        "qty": 1.19143,
        "cumulative": 10.288050000000002
      },
      {
        "side": "buy",
        "layer": 172,
        "price": 62866.72,
        "qty": 3.17914,
        "cumulative": 7.880240000000001
      },
      {
        "side": "buy",
        "layer": 217,
        "price": 62859.6,
        "qty": 3.7511,
        "cumulative": 22.547800000000002
      },
      {
        "side": "buy",
        "layer": 396,
        "price": 62833.07,
        "qty": 3.17964,
        "cumulative": 25.72744
      },
      {
        "side": "buy",
        "layer": 451,
        "price": 62825.1,
        "qty": 3.17964,
        "cumulative": 28.90708
      },
      {
        "side": "buy",
        "layer": 470,
        "price": 62820.22,
        "qty": 3.99372,
        "cumulative": 15.025660000000002
      },
      {
        "side": "buy",
        "layer": 492,
        "price": 62815.65,
        "qty": 3.77104,
        "cumulative": 18.7967
      },
      {
        "side": "buy",
        "layer": 680,
        "price": 62772.99,
        "qty": 4.78378,
        "cumulative": 54.65677
      },
      {
        "side": "buy",
        "layer": 809,
        "price": 62741.4,
        "qty": 4.78619,
        "cumulative": 49.87299
      },
      {
        "side": "buy",
        "layer": 832,
        "price": 62737.75,
        "qty": 4.78652,
        "cumulative": 45.086800000000004
      },
      {
        "side": "buy",
        "layer": 846,
        "price": 62733.79,
        "qty": 6.6042,
        "cumulative": 35.51128
      },
      {
        "side": "buy",
        "layer": 960,
        "price": 62704.51,
        "qty": 4.789,
        "cumulative": 40.30028
      }
    ],
    "sells": [
      {
        "side": "sell",
        "layer": 1,
        "price": 62890.01,
        "qty": 5.0155,
        "cumulative": 5.0155
      },
      {
        "side": "sell",
        "layer": 17,
        "price": 62893.21,
        "qty": 0.82101,
        "cumulative": 12.57948
      },
      {
        "side": "sell",
        "layer": 26,
        "price": 62894.41,
        "qty": 1.98442,
        "cumulative": 10.17956
      },
      {
        "side": "sell",
        "layer": 27,
        "price": 62894.42,
        "qty": 3.17964,
        "cumulative": 8.19514
      },
      {
        "side": "sell",
        "layer": 50,
        "price": 62897.35,
        "qty": 1.57891,
        "cumulative": 11.75847
      },
      {
        "side": "sell",
        "layer": 51,
        "price": 62897.36,
        "qty": 1.04816,
        "cumulative": 18.362849999999998
      },
      {
        "side": "sell",
        "layer": 59,
        "price": 62898.29,
        "qty": 0.79585,
        "cumulative": 19.1587
      },
      {
        "side": "sell",
        "layer": 64,
        "price": 62899.15,
        "qty": 3.33861,
        "cumulative": 15.91809
      },
      {
        "side": "sell",
        "layer": 74,
        "price": 62900,
        "qty": 0.67213,
        "cumulative": 19.83083
      },
      {
        "side": "sell",
        "layer": 98,
        "price": 62903.99,
        "qty": 1.3966,
        "cumulative": 17.31469
      },
      {
        "side": "sell",
        "layer": 111,
        "price": 62905.97,
        "qty": 3.17964,
        "cumulative": 23.010469999999998
      },
      {
        "side": "sell",
        "layer": 138,
        "price": 62909.97,
        "qty": 1.94813,
        "cumulative": 31.317879999999995
      },
      {
        "side": "sell",
        "layer": 139,
        "price": 62909.98,
        "qty": 3.17964,
        "cumulative": 26.190109999999997
      },
      {
        "side": "sell",
        "layer": 154,
        "price": 62911.68,
        "qty": 1.60225,
        "cumulative": 32.92012999999999
      },
      {
        "side": "sell",
        "layer": 183,
        "price": 62915.99,
        "qty": 3.17964,
        "cumulative": 29.369749999999996
      },
      {
        "side": "sell",
        "layer": 221,
        "price": 62921.86,
        "qty": 3.17884,
        "cumulative": 47.00016999999999
      },
      {
        "side": "sell",
        "layer": 240,
        "price": 62925.84,
        "qty": 3.17874,
        "cumulative": 50.17890999999999
      },
      {
        "side": "sell",
        "layer": 328,
        "price": 62941.4,
        "qty": 3.17964,
        "cumulative": 43.82132999999999
      },
      {
        "side": "sell",
        "layer": 427,
        "price": 62961.49,
        "qty": 3.76231,
        "cumulative": 40.64168999999999
      },
      {
        "side": "sell",
        "layer": 439,
        "price": 62964.47,
        "qty": 3.95925,
        "cumulative": 36.87937999999999
      },
      {
        "side": "sell",
        "layer": 504,
        "price": 62978.4,
        "qty": 1.5735,
        "cumulative": 67.72019999999999
      },
      {
        "side": "sell",
        "layer": 559,
        "price": 62991.44,
        "qty": 1.57317,
        "cumulative": 69.29337
      },
      {
        "side": "sell",
        "layer": 741,
        "price": 63030.95,
        "qty": 4.7642,
        "cumulative": 61.38624999999999
      },
      {
        "side": "sell",
        "layer": 798,
        "price": 63040.01,
        "qty": 6.44314,
        "cumulative": 56.62204999999999
      },
      {
        "side": "sell",
        "layer": 999,
        "price": 63080.64,
        "qty": 4.76045,
        "cumulative": 66.1467
      }
    ]
  },
  "updatedAt": 1783337941013
}