{
  "symbol": "btcusdt",
  "timeframe": "1m",
  "candle": {
    "startTime": 1783339680000,
    "open": 62029.74,
    "high": 62049.39,
    "low": 61976,
    "close": 62008.01,
    "volume": 5720,
    "direction": "down",
    "volatility": 73.38999999999942,
    "totalVolume": 5720
  },
  "trades": {
    "count": 5728,
    "buyVolume": 81.47841000000001,
    "sellVolume": 33.72956000000019,
    "bigTrades": [
      {
        "price": 62045,
        "qty": 4.387,
        "side": "sell",
        "value": 272191.415,
        "time": 1783339712971
      },
      {
        "price": 62024,
        "qty": 4.90175,
        "side": "sell",
        "value": 304026.142,
        "time": 1783339720029
      },
      {
        "price": 62000,
        "qty": 0.82657,
        "side": "sell",
        "value": 51247.340000000004,
        "time": 1783339720703
      },
      {
        "price": 62000,
        "qty": 4.68593,
        "side": "sell",
        "value": 290527.66,
        "time": 1783339720708
      },
      {
        "price": 62000,
        "qty": 1.59426,
        "side": "buy",
        "value": 98844.12,
        "time": 1783339738623
      },
      {
        "price": 62000,
        "qty": 0.99676,
        "side": "buy",
        "value": 61799.119999999995,
        "time": 1783339738624
      },
      {
        "price": 62000,
        "qty": 1.9007,
        "side": "buy",
        "value": 117843.40000000001,
        "time": 1783339738625
      },
      {
        "price": 62000,
        "qty": 0.96223,
        "side": "buy",
        "value": 59658.26,
        "time": 1783339738631
      },
      {
        "price": 62000,
        "qty": 3.10638,
        "side": "buy",
        "value": 192595.56,
        "time": 1783339738639
      },
      {
        "price": 62000,
        "qty": 0.90983,
        "side": "buy",
        "value": 56409.46,
        "time": 1783339738639
      },
      {
        "price": 62000,
        "qty": 0.81252,
        "side": "buy",
        "value": 50376.24,
        "time": 1783339738640
      },
      {
        "price": 62000,
        "qty": 0.83591,
        "side": "buy",
        "value": 51826.420000000006,
        "time": 1783339738641
      },
      {
        "price": 62000,
        "qty": 0.85324,
        "side": "buy",
        "value": 52900.88,
        "time": 1783339738644
      },
      {
        "price": 62000,
        "qty": 0.8745,
        "side": "buy",
        "value": 54219,
        "time": 1783339738646
      },
      {
        "price": 62000,
        "qty": 17.87495,
        "side": "buy",
        "value": 1108246.9,
        "time": 1783339738652
      },
      {
        "price": 62000,
        "qty": 1.06714,
        "side": "buy",
        "value": 66162.68,
        "time": 1783339738653
      },
      {
        "price": 62000,
        "qty": 1.48184,
        "side": "buy",
        "value": 91874.08,
        "time": 1783339738654
      }
    ]
  },
  "depthImportant": {
    "buys": [
      {
        "side": "buy",
        "layer": 1,
        "price": 62008,
        "qty": 0.69528,
        "cumulative": 0.69528
      },
      {
        "side": "buy",
        "layer": 2,
        "price": 62007.99,
        "qty": 0.30234,
        "cumulative": 1.4738200000000001
      },
      {
        "side": "buy",
        "layer": 20,
        "price": 61999.99,
        "qty": 0.26145,
        "cumulative": 1.73527
      },
      {
        "side": "buy",
        "layer": 28,
        "price": 61998.21,
        "qty": 0.23745,
        "cumulative": 1.97272
      },
      {
        "side": "buy",
        "layer": 48,
        "price": 61994.75,
        "qty": 0.4762,
        "cumulative": 1.17148
      },
      {
        "side": "buy",
        "layer": 53,
        "price": 61994.03,
        "qty": 0.88074,
        "cumulative": 2.85346
      },
      {
        "side": "buy",
        "layer": 54,
        "price": 61994.02,
        "qty": 0.87067,
        "cumulative": 3.72413
      },
      {
        "side": "buy",
        "layer": 74,
        "price": 61990.84,
        "qty": 0.87067,
        "cumulative": 4.5948
      },
      {
        "side": "buy",
        "layer": 90,
        "price": 61988.04,
        "qty": 0.5497,
        "cumulative": 6.0151699999999995
      },
      {
        "side": "buy",
        "layer": 91,
        "price": 61988.03,
        "qty": 0.87067,
        "cumulative": 5.46547
      },
      {
        "side": "buy",
        "layer": 107,
        "price": 61985.89,
        "qty": 1.12495,
        "cumulative": 16.9367
      },
      {
        "side": "buy",
        "layer": 108,
        "price": 61985.87,
        "qty": 1.59867,
        "cumulative": 15.81175
      },
      {
        "side": "buy",
        "layer": 136,
        "price": 61981,
        "qty": 5,
        "cumulative": 11.01517
      },
      {
        "side": "buy",
        "layer": 154,
        "price": 61978.24,
        "qty": 1.59887,
        "cumulative": 14.21308
      },
      {
        "side": "buy",
        "layer": 184,
        "price": 61971.71,
        "qty": 1.59904,
        "cumulative": 12.61421
      },
      {
        "side": "buy",
        "layer": 433,
        "price": 61848.34,
        "qty": 4.85525,
        "cumulative": 44.00588
      },
      {
        "side": "buy",
        "layer": 452,
        "price": 61830.02,
        "qty": 6.34696,
        "cumulative": 23.283659999999998
      },
      {
        "side": "buy",
        "layer": 471,
        "price": 61800.54,
        "qty": 4.859,
        "cumulative": 39.15063
      },
      {
        "side": "buy",
        "layer": 472,
        "price": 61800,
        "qty": 6.1464,
        "cumulative": 29.430059999999997
      },
      {
        "side": "buy",
        "layer": 483,
        "price": 61767.94,
        "qty": 4.86157,
        "cumulative": 34.29163
      },
      {
        "side": "buy",
        "layer": 573,
        "price": 60000,
        "qty": 624.46922,
        "cumulative": 668.4751
      },
      {
        "side": "buy",
        "layer": 611,
        "price": 55000,
        "qty": 585.77034,
        "cumulative": 1254.2454400000001
      },
      {
        "side": "buy",
        "layer": 615,
        "price": 54000,
        "qty": 283.82767,
        "cumulative": 2075.8416
      },
      {
        "side": "buy",
        "layer": 631,
        "price": 50000,
        "qty": 537.76849,
        "cumulative": 1792.01393
      },
      {
        "side": "buy",
        "layer": 655,
        "price": 40000,
        "qty": 254.28011,
        "cumulative": 2330.1217100000003
      }
    ],
    "sells": [
      {
        "side": "sell",
        "layer": 1,
        "price": 62008.01,
        "qty": 1.73514,
        "cumulative": 1.73514
      },
      {
        "side": "sell",
        "layer": 40,
        "price": 62017.32,
        "qty": 0.33653,
        "cumulative": 4.9248899999999995
      },
      {
        "side": "sell",
        "layer": 41,
        "price": 62017.33,
        "qty": 0.87067,
        "cumulative": 4.112159999999999
      },
      {
        "side": "sell",
        "layer": 44,
        "price": 62017.86,
        "qty": 1.50635,
        "cumulative": 3.2414899999999998
      },
      {
        "side": "sell",
        "layer": 50,
        "price": 62019.52,
        "qty": 0.4762,
        "cumulative": 4.58836
      },
      {
        "side": "sell",
        "layer": 52,
        "price": 62019.84,
        "qty": 3.22474,
        "cumulative": 8.14963
      },
      {
        "side": "sell",
        "layer": 66,
        "price": 62022.31,
        "qty": 1.22288,
        "cumulative": 17.39893
      },
      {
        "side": "sell",
        "layer": 70,
        "price": 62023.7,
        "qty": 3.22474,
        "cumulative": 11.37437
      },
      {
        "side": "sell",
        "layer": 89,
        "price": 62027.21,
        "qty": 1.57694,
        "cumulative": 16.17605
      },
      {
        "side": "sell",
        "layer": 91,
        "price": 62027.59,
        "qty": 3.22474,
        "cumulative": 14.599110000000001
      },
      {
        "side": "sell",
        "layer": 110,
        "price": 62030.58,
        "qty": 1.29412,
        "cumulative": 28.371270000000003
      },
      {
        "side": "sell",
        "layer": 115,
        "price": 62031.34,
        "qty": 3.22474,
        "cumulative": 23.852410000000003
      },
      {
        "side": "sell",
        "layer": 134,
        "price": 62033.88,
        "qty": 1.29348,
        "cumulative": 29.66475
      },
      {
        "side": "sell",
        "layer": 145,
        "price": 62035.83,
        "qty": 3.22474,
        "cumulative": 27.077150000000003
      },
      {
        "side": "sell",
        "layer": 189,
        "price": 62042.88,
        "qty": 3.22874,
        "cumulative": 20.627670000000002
      },
      {
        "side": "sell",
        "layer": 339,
        "price": 62074.05,
        "qty": 4.83759,
        "cumulative": 34.502340000000004
      },
      {
        "side": "sell",
        "layer": 422,
        "price": 62101.73,
        "qty": 4.83544,
        "cumulative": 39.33778
      },
      {
        "side": "sell",
        "layer": 440,
        "price": 62108.95,
        "qty": 4.83488,
        "cumulative": 44.17266
      },
      {
        "side": "sell",
        "layer": 491,
        "price": 62132.96,
        "qty": 4.83301,
        "cumulative": 49.00567
      },
      {
        "side": "sell",
        "layer": 492,
        "price": 62133.59,
        "qty": 4.83296,
        "cumulative": 53.83863
      },
      {
        "side": "sell",
        "layer": 665,
        "price": 64000,
        "qty": 59.27415,
        "cumulative": 345.87606
      },
      {
        "side": "sell",
        "layer": 670,
        "price": 65000,
        "qty": 72.48252,
        "cumulative": 216.73771
      },
      {
        "side": "sell",
        "layer": 681,
        "price": 67000,
        "qty": 90.41656,
        "cumulative": 144.25519
      },
      {
        "side": "sell",
        "layer": 684,
        "price": 80000,
        "qty": 69.8642,
        "cumulative": 286.60191
      },
      {
        "side": "sell",
        "layer": 688,
        "price": 90000,
        "qty": 58.65856,
        "cumulative": 404.53462
      }
    ]
  },
  "updatedAt": 1783339740218
}