{
  "symbol": "btcusdt",
  "timeframe": "1m",
  "candle": {
    "startTime": 1783326120000,
    "open": 63092,
    "high": 63092,
    "low": 63054.82,
    "close": 63054.82,
    "volume": 1199,
    "direction": "down",
    "volatility": 37.18000000000029,
    "totalVolume": 1199
  },
  "trades": {
    "count": 22237,
    "buyVolume": 42.28560000000089,
    "sellVolume": 64.47717999999549,
    "bigTrades": [
      {
        "price": 63218.01,
        "qty": 2.39716,
        "side": "sell",
        "value": 151543.6848516,
        "time": 1783325199335
      },
      {
        "price": 63209.18,
        "qty": 0.8198,
        "side": "sell",
        "value": 51818.885764,
        "time": 1783325236874
      },
      {
        "price": 63209.18,
        "qty": 1,
        "side": "sell",
        "value": 63209.18,
        "time": 1783325236874
      },
      {
        "price": 63209.18,
        "qty": 1.186,
        "side": "sell",
        "value": 74966.08748,
        "time": 1783325236875
      },
      {
        "price": 63176.02,
        "qty": 1.5873,
        "side": "sell",
        "value": 100279.296546,
        "time": 1783325307472
      },
      {
        "price": 63176.02,
        "qty": 1.5873,
        "side": "sell",
        "value": 100279.296546,
        "time": 1783325308455
      },
      {
        "price": 63176.02,
        "qty": 1.01947,
        "side": "sell",
        "value": 64406.057109400004,
        "time": 1783325309335
      },
      {
        "price": 63164.56,
        "qty": 0.88465,
        "side": "buy",
        "value": 55878.528004,
        "time": 1783325366659
      },
      {
        "price": 63113.95,
        "qty": 1.05792,
        "side": "sell",
        "value": 66769.50998399999,
        "time": 1783325470083
      },
      {
        "price": 63113.95,
        "qty": 1.29636,
        "side": "sell",
        "value": 81818.400222,
        "time": 1783325470083
      },
      {
        "price": 63011.78,
        "qty": 1.8925,
        "side": "buy",
        "value": 119249.79365,
        "time": 1783325624425
      },
      {
        "price": 63060,
        "qty": 0.80761,
        "side": "sell",
        "value": 50927.886600000005,
        "time": 1783325725260
      },
      {
        "price": 63050,
        "qty": 0.98356,
        "side": "buy",
        "value": 62013.458,
        "time": 1783325973938
      },
      {
        "price": 63086,
        "qty": 0.9013,
        "side": "buy",
        "value": 56859.4118,
        "time": 1783326066843
      },
      {
        "price": 63087.18,
        "qty": 0.89736,
        "side": "buy",
        "value": 56611.9118448,
        "time": 1783326085196
      },
      {
        "price": 63066.59,
        "qty": 1.14053,
        "side": "sell",
        "value": 71929.3378927,
        "time": 1783326149304
      }
    ]
  },
  "depthImportant": {
    "buys": [
      {
        "side": "buy",
        "layer": 4,
        "price": 63054.04,
        "qty": 0.03926,
        "cumulative": 0.13884000000000002
      },
      {
        "side": "buy",
        "layer": 15,
        "price": 63051.51,
        "qty": 0.03128,
        "cumulative": 0.20439000000000002
      },
      {
        "side": "buy",
        "layer": 19,
        "price": 63050.89,
        "qty": 0.02673,
        "cumulative": 0.23112000000000002
      },
      {
        "side": "buy",
        "layer": 24,
        "price": 63050,
        "qty": 0.03427,
        "cumulative": 0.17311
      },
      {
        "side": "buy",
        "layer": 48,
        "price": 63046.62,
        "qty": 0.09958,
        "cumulative": 0.09958
      },
      {
        "side": "buy",
        "layer": 55,
        "price": 63046.29,
        "qty": 0.12537,
        "cumulative": 4.99551
      },
      {
        "side": "buy",
        "layer": 79,
        "price": 63043.56,
        "qty": 1.24669,
        "cumulative": 4.6451400000000005
      },
      {
        "side": "buy",
        "layer": 80,
        "price": 63043.55,
        "qty": 3.16733,
        "cumulative": 3.3984500000000004
      },
      {
        "side": "buy",
        "layer": 88,
        "price": 63042.35,
        "qty": 0.225,
        "cumulative": 4.87014
      },
      {
        "side": "buy",
        "layer": 93,
        "price": 63041.86,
        "qty": 0.10519,
        "cumulative": 5.100700000000001
      },
      {
        "side": "buy",
        "layer": 111,
        "price": 63039.09,
        "qty": 3.16733,
        "cumulative": 11.49682
      },
      {
        "side": "buy",
        "layer": 137,
        "price": 63035.28,
        "qty": 3.16733,
        "cumulative": 14.66415
      },
      {
        "side": "buy",
        "layer": 168,
        "price": 63031.1,
        "qty": 3.16733,
        "cumulative": 17.83148
      },
      {
        "side": "buy",
        "layer": 192,
        "price": 63027.63,
        "qty": 1.90635,
        "cumulative": 19.73783
      },
      {
        "side": "buy",
        "layer": 199,
        "price": 63026.84,
        "qty": 3.22879,
        "cumulative": 8.32949
      },
      {
        "side": "buy",
        "layer": 249,
        "price": 63019.26,
        "qty": 3.16733,
        "cumulative": 34.601620000000004
      },
      {
        "side": "buy",
        "layer": 289,
        "price": 63011.68,
        "qty": 3.16733,
        "cumulative": 37.768950000000004
      },
      {
        "side": "buy",
        "layer": 334,
        "price": 63004.1,
        "qty": 3.16741,
        "cumulative": 31.43429
      },
      {
        "side": "buy",
        "layer": 441,
        "price": 62984.3,
        "qty": 3.76094,
        "cumulative": 28.26688
      },
      {
        "side": "buy",
        "layer": 454,
        "price": 62982.47,
        "qty": 4.76811,
        "cumulative": 24.50594
      },
      {
        "side": "buy",
        "layer": 783,
        "price": 62903.5,
        "qty": 6.32362,
        "cumulative": 44.09257
      },
      {
        "side": "buy",
        "layer": 791,
        "price": 62900.1,
        "qty": 4.77435,
        "cumulative": 63.203480000000006
      },
      {
        "side": "buy",
        "layer": 836,
        "price": 62878.42,
        "qty": 4.77601,
        "cumulative": 58.42913000000001
      },
      {
        "side": "buy",
        "layer": 893,
        "price": 62845.01,
        "qty": 4.77855,
        "cumulative": 53.65312000000001
      },
      {
        "side": "buy",
        "layer": 960,
        "price": 62799.51,
        "qty": 4.782,
        "cumulative": 48.874570000000006
      }
    ],
    "sells": [
      {
        "side": "sell",
        "layer": 1,
        "price": 63054.81,
        "qty": 6.38087,
        "cumulative": 6.38087
      },
      {
        "side": "sell",
        "layer": 2,
        "price": 63054.82,
        "qty": 1.82561,
        "cumulative": 11.373809999999999
      },
      {
        "side": "sell",
        "layer": 3,
        "price": 63054.83,
        "qty": 1.25804,
        "cumulative": 14.010029999999999
      },
      {
        "side": "sell",
        "layer": 37,
        "price": 63060,
        "qty": 1.37818,
        "cumulative": 12.75199
      },
      {
        "side": "sell",
        "layer": 44,
        "price": 63061.12,
        "qty": 3.16733,
        "cumulative": 9.5482
      },
      {
        "side": "sell",
        "layer": 67,
        "price": 63064.97,
        "qty": 0.70989,
        "cumulative": 20.528250000000003
      },
      {
        "side": "sell",
        "layer": 73,
        "price": 63065.38,
        "qty": 0.87966,
        "cumulative": 19.818360000000002
      },
      {
        "side": "sell",
        "layer": 77,
        "price": 63066.19,
        "qty": 0.66,
        "cumulative": 21.188250000000004
      },
      {
        "side": "sell",
        "layer": 79,
        "price": 63066.56,
        "qty": 1.76134,
        "cumulative": 18.9387
      },
      {
        "side": "sell",
        "layer": 80,
        "price": 63066.57,
        "qty": 3.16733,
        "cumulative": 17.17736
      },
      {
        "side": "sell",
        "layer": 138,
        "price": 63073.46,
        "qty": 1.5988,
        "cumulative": 31.120240000000003
      },
      {
        "side": "sell",
        "layer": 139,
        "price": 63073.47,
        "qty": 3.16733,
        "cumulative": 24.355580000000003
      },
      {
        "side": "sell",
        "layer": 176,
        "price": 63079.25,
        "qty": 1.99853,
        "cumulative": 29.521440000000002
      },
      {
        "side": "sell",
        "layer": 180,
        "price": 63079.5,
        "qty": 1.57105,
        "cumulative": 32.69129
      },
      {
        "side": "sell",
        "layer": 187,
        "price": 63080.38,
        "qty": 3.16733,
        "cumulative": 27.522910000000003
      },
      {
        "side": "sell",
        "layer": 236,
        "price": 63088.28,
        "qty": 3.16733,
        "cumulative": 43.37539
      },
      {
        "side": "sell",
        "layer": 266,
        "price": 63095.29,
        "qty": 3.16733,
        "cumulative": 46.54272
      },
      {
        "side": "sell",
        "layer": 298,
        "price": 63100.92,
        "qty": 3.16733,
        "cumulative": 49.71005
      },
      {
        "side": "sell",
        "layer": 382,
        "price": 63118.05,
        "qty": 3.76462,
        "cumulative": 36.45591
      },
      {
        "side": "sell",
        "layer": 438,
        "price": 63131.95,
        "qty": 3.75215,
        "cumulative": 40.20806
      },
      {
        "side": "sell",
        "layer": 584,
        "price": 63168.52,
        "qty": 4.75407,
        "cumulative": 54.46412
      },
      {
        "side": "sell",
        "layer": 594,
        "price": 63171.26,
        "qty": 4.75386,
        "cumulative": 59.217980000000004
      },
      {
        "side": "sell",
        "layer": 731,
        "price": 63214.45,
        "qty": 4.75094,
        "cumulative": 63.968920000000004
      },
      {
        "side": "sell",
        "layer": 826,
        "price": 63245.53,
        "qty": 4.74828,
        "cumulative": 68.7172
      },
      {
        "side": "sell",
        "layer": 924,
        "price": 63290.54,
        "qty": 4.74491,
        "cumulative": 73.46211000000001
      }
    ]
  },
  "updatedAt": 1783330257791
}