{
  "symbol": "btcusdt",
  "timeframe": "1m",
  "candle": {
    "startTime": 1783334760000,
    "open": 62925.07,
    "high": 62925.08,
    "low": 62911.1,
    "close": 62911.11,
    "volume": 1040,
    "direction": "down",
    "volatility": 13.980000000003201,
    "totalVolume": 1040
  },
  "trades": {
    "count": 45599,
    "buyVolume": 98.704289999986,
    "sellVolume": 122.76553999998552,
    "bigTrades": [
      {
        "price": 62859.14,
        "qty": 1.0194,
        "side": "sell",
        "value": 64078.607316,
        "time": 1783333103521
      },
      {
        "price": 62859.14,
        "qty": 0.98503,
        "side": "sell",
        "value": 61918.138674199996,
        "time": 1783333103792
      },
      {
        "price": 62856,
        "qty": 1.0194,
        "side": "buy",
        "value": 64075.40640000001,
        "time": 1783333143863
      },
      {
        "price": 62837.83,
        "qty": 1.01947,
        "side": "buy",
        "value": 64061.28255010001,
        "time": 1783333252137
      },
      {
        "price": 62876.57,
        "qty": 1.22566,
        "side": "buy",
        "value": 77065.2967862,
        "time": 1783333781160
      },
      {
        "price": 62876.57,
        "qty": 1.18937,
        "side": "buy",
        "value": 74783.5060609,
        "time": 1783333781161
      },
      {
        "price": 62883.53,
        "qty": 1.43429,
        "side": "buy",
        "value": 90193.2182437,
        "time": 1783333781194
      },
      {
        "price": 62883.54,
        "qty": 2.0898,
        "side": "buy",
        "value": 131414.021892,
        "time": 1783333781194
      },
      {
        "price": 62876,
        "qty": 0.96248,
        "side": "sell",
        "value": 60516.89248,
        "time": 1783333894957
      },
      {
        "price": 62882.02,
        "qty": 0.82074,
        "side": "buy",
        "value": 51609.7890948,
        "time": 1783333943400
      },
      {
        "price": 62979.04,
        "qty": 0.95754,
        "side": "sell",
        "value": 60304.949961599996,
        "time": 1783334049589
      },
      {
        "price": 62959.26,
        "qty": 0.80457,
        "side": "sell",
        "value": 50655.1318182,
        "time": 1783334302077
      },
      {
        "price": 62959.26,
        "qty": 1.8,
        "side": "sell",
        "value": 113326.668,
        "time": 1783334302077
      },
      {
        "price": 62959.26,
        "qty": 0.85232,
        "side": "sell",
        "value": 53661.4364832,
        "time": 1783334302078
      },
      {
        "price": 63025,
        "qty": 0.8507,
        "side": "sell",
        "value": 53615.3675,
        "time": 1783334389856
      },
      {
        "price": 63000,
        "qty": 1.01318,
        "side": "sell",
        "value": 63830.34,
        "time": 1783334434959
      },
      {
        "price": 62918.49,
        "qty": 1.0409,
        "side": "buy",
        "value": 65491.856240999994,
        "time": 1783334802646
      }
    ]
  },
  "depthImportant": {
    "buys": [
      {
        "side": "buy",
        "layer": 1,
        "price": 62911.1,
        "qty": 2.55668,
        "cumulative": 2.55668
      },
      {
        "side": "buy",
        "layer": 5,
        "price": 62910.72,
        "qty": 0.09089,
        "cumulative": 3.82588
      },
      {
        "side": "buy",
        "layer": 34,
        "price": 62904.81,
        "qty": 0.29331,
        "cumulative": 3.50999
      },
      {
        "side": "buy",
        "layer": 35,
        "price": 62904.8,
        "qty": 0.225,
        "cumulative": 3.7349900000000003
      },
      {
        "side": "buy",
        "layer": 50,
        "price": 62903,
        "qty": 0.66,
        "cumulative": 3.21668
      },
      {
        "side": "buy",
        "layer": 62,
        "price": 62901.68,
        "qty": 0.48476,
        "cumulative": 4.91556
      },
      {
        "side": "buy",
        "layer": 63,
        "price": 62901.67,
        "qty": 0.47671,
        "cumulative": 5.39227
      },
      {
        "side": "buy",
        "layer": 64,
        "price": 62901.64,
        "qty": 0.60492,
        "cumulative": 4.4308000000000005
      },
      {
        "side": "buy",
        "layer": 91,
        "price": 62898.69,
        "qty": 0.46594,
        "cumulative": 6.334919999999999
      },
      {
        "side": "buy",
        "layer": 95,
        "price": 62898.61,
        "qty": 0.47671,
        "cumulative": 5.86898
      },
      {
        "side": "buy",
        "layer": 142,
        "price": 62892.54,
        "qty": 0.57298,
        "cumulative": 13.86932
      },
      {
        "side": "buy",
        "layer": 158,
        "price": 62889.73,
        "qty": 1.34899,
        "cumulative": 12.72334
      },
      {
        "side": "buy",
        "layer": 159,
        "price": 62889.72,
        "qty": 0.573,
        "cumulative": 13.29634
      },
      {
        "side": "buy",
        "layer": 177,
        "price": 62886.89,
        "qty": 3.17908,
        "cumulative": 9.514
      },
      {
        "side": "buy",
        "layer": 199,
        "price": 62883.26,
        "qty": 1.86035,
        "cumulative": 11.37435
      },
      {
        "side": "buy",
        "layer": 278,
        "price": 62871.46,
        "qty": 5,
        "cumulative": 18.869320000000002
      },
      {
        "side": "buy",
        "layer": 414,
        "price": 62849.64,
        "qty": 4.77809,
        "cumulative": 23.64741
      },
      {
        "side": "buy",
        "layer": 441,
        "price": 62843.8,
        "qty": 3.17908,
        "cumulative": 34.595580000000005
      },
      {
        "side": "buy",
        "layer": 463,
        "price": 62839.02,
        "qty": 3.9992,
        "cumulative": 27.646610000000003
      },
      {
        "side": "buy",
        "layer": 484,
        "price": 62834.81,
        "qty": 3.76989,
        "cumulative": 31.416500000000003
      },
      {
        "side": "buy",
        "layer": 675,
        "price": 62789.3,
        "qty": 4.78268,
        "cumulative": 60.14442000000001
      },
      {
        "side": "buy",
        "layer": 680,
        "price": 62788.21,
        "qty": 4.78277,
        "cumulative": 55.36174000000001
      },
      {
        "side": "buy",
        "layer": 744,
        "price": 62769.02,
        "qty": 6.4106,
        "cumulative": 41.00618000000001
      },
      {
        "side": "buy",
        "layer": 788,
        "price": 62756.59,
        "qty": 4.78518,
        "cumulative": 50.57897000000001
      },
      {
        "side": "buy",
        "layer": 901,
        "price": 62724.72,
        "qty": 4.78761,
        "cumulative": 45.79379000000001
      }
    ],
    "sells": [
      {
        "side": "sell",
        "layer": 1,
        "price": 62911.11,
        "qty": 8.34873,
        "cumulative": 8.34873
      },
      {
        "side": "sell",
        "layer": 29,
        "price": 62916.21,
        "qty": 1.35519,
        "cumulative": 12.883
      },
      {
        "side": "sell",
        "layer": 30,
        "price": 62916.22,
        "qty": 3.17908,
        "cumulative": 11.527809999999999
      },
      {
        "side": "sell",
        "layer": 31,
        "price": 62916.31,
        "qty": 0.64693,
        "cumulative": 14.695149999999998
      },
      {
        "side": "sell",
        "layer": 49,
        "price": 62918.47,
        "qty": 1.16522,
        "cumulative": 14.048219999999999
      },
      {
        "side": "sell",
        "layer": 61,
        "price": 62920.36,
        "qty": 0.58363,
        "cumulative": 23.62183
      },
      {
        "side": "sell",
        "layer": 66,
        "price": 62920.95,
        "qty": 3.17908,
        "cumulative": 21.110719999999997
      },
      {
        "side": "sell",
        "layer": 84,
        "price": 62922.93,
        "qty": 0.79557,
        "cumulative": 23.0382
      },
      {
        "side": "sell",
        "layer": 95,
        "price": 62924.44,
        "qty": 1.13191,
        "cumulative": 22.24263
      },
      {
        "side": "sell",
        "layer": 96,
        "price": 62924.75,
        "qty": 3.23649,
        "cumulative": 17.931639999999998
      },
      {
        "side": "sell",
        "layer": 132,
        "price": 62930.22,
        "qty": 3.65545,
        "cumulative": 27.277279999999998
      },
      {
        "side": "sell",
        "layer": 158,
        "price": 62934.03,
        "qty": 1.47786,
        "cumulative": 36.71427
      },
      {
        "side": "sell",
        "layer": 159,
        "price": 62934.04,
        "qty": 3.17874,
        "cumulative": 30.45602
      },
      {
        "side": "sell",
        "layer": 166,
        "price": 62935.26,
        "qty": 1.60165,
        "cumulative": 35.23641
      },
      {
        "side": "sell",
        "layer": 193,
        "price": 62938.75,
        "qty": 3.17874,
        "cumulative": 33.63476
      },
      {
        "side": "sell",
        "layer": 218,
        "price": 62942.68,
        "qty": 3.17829,
        "cumulative": 50.82547999999999
      },
      {
        "side": "sell",
        "layer": 239,
        "price": 62946.53,
        "qty": 3.17777,
        "cumulative": 54.003249999999994
      },
      {
        "side": "sell",
        "layer": 344,
        "price": 62965.44,
        "qty": 3.17944,
        "cumulative": 47.647189999999995
      },
      {
        "side": "sell",
        "layer": 424,
        "price": 62978.25,
        "qty": 3.7613,
        "cumulative": 44.467749999999995
      },
      {
        "side": "sell",
        "layer": 469,
        "price": 62988.66,
        "qty": 3.99218,
        "cumulative": 40.70645
      },
      {
        "side": "sell",
        "layer": 645,
        "price": 63026.25,
        "qty": 4.7647,
        "cumulative": 64.89726999999999
      },
      {
        "side": "sell",
        "layer": 725,
        "price": 63040.1,
        "qty": 4.76366,
        "cumulative": 69.66093
      },
      {
        "side": "sell",
        "layer": 761,
        "price": 63045.34,
        "qty": 4.76326,
        "cumulative": 74.42419
      },
      {
        "side": "sell",
        "layer": 865,
        "price": 63067.15,
        "qty": 4.76161,
        "cumulative": 79.1858
      },
      {
        "side": "sell",
        "layer": 876,
        "price": 63069.95,
        "qty": 6.12932,
        "cumulative": 60.132569999999994
      }
    ]
  },
  "updatedAt": 1783334820591
}