{
  "symbol": "btcusdt",
  "timeframe": "1m",
  "candle": {
    "startTime": 1783339140000,
    "open": 62686.01,
    "high": 62686.01,
    "low": 62493.75,
    "close": 62493.76,
    "volume": 13803,
    "direction": "down",
    "volatility": 192.26000000000204,
    "totalVolume": 13803
  },
  "trades": {
    "count": 20532,
    "buyVolume": 77.96132999999917,
    "sellVolume": 201.6692299999965,
    "bigTrades": [
      {
        "price": 62625.23,
        "qty": 1,
        "side": "sell",
        "value": 62625.23,
        "time": 1783339167026
      },
      {
        "price": 62620,
        "qty": 1.24966,
        "side": "sell",
        "value": 78253.7092,
        "time": 1783339167031
      },
      {
        "price": 62619.99,
        "qty": 3.19386,
        "side": "sell",
        "value": 199999.48126139998,
        "time": 1783339167031
      },
      {
        "price": 62613.03,
        "qty": 0.91264,
        "side": "buy",
        "value": 57143.1556992,
        "time": 1783339170937
      },
      {
        "price": 62622.48,
        "qty": 0.97939,
        "side": "buy",
        "value": 61331.8306872,
        "time": 1783339171185
      },
      {
        "price": 62645.12,
        "qty": 3.19284,
        "side": "sell",
        "value": 200015.84494080002,
        "time": 1783339171642
      },
      {
        "price": 62645.11,
        "qty": 3.19284,
        "side": "sell",
        "value": 200015.8130124,
        "time": 1783339171649
      },
      {
        "price": 62645.11,
        "qty": 1.10606,
        "side": "sell",
        "value": 69289.2503666,
        "time": 1783339171649
      },
      {
        "price": 62643.83,
        "qty": 0.94539,
        "side": "sell",
        "value": 59222.8504437,
        "time": 1783339171651
      },
      {
        "price": 62596.8,
        "qty": 1.54804,
        "side": "sell",
        "value": 96902.35027200001,
        "time": 1783339180632
      },
      {
        "price": 62596.79,
        "qty": 3.19397,
        "side": "sell",
        "value": 199932.2693563,
        "time": 1783339180632
      },
      {
        "price": 62591.28,
        "qty": 1.50598,
        "side": "sell",
        "value": 94261.2158544,
        "time": 1783339180635
      },
      {
        "price": 62591.27,
        "qty": 3.19397,
        "side": "sell",
        "value": 199914.6386419,
        "time": 1783339180635
      },
      {
        "price": 62591.24,
        "qty": 0.79935,
        "side": "sell",
        "value": 50032.307693999996,
        "time": 1783339180635
      },
      {
        "price": 62585.85,
        "qty": 1.66785,
        "side": "sell",
        "value": 104383.8099225,
        "time": 1783339180639
      },
      {
        "price": 62585.84,
        "qty": 3.19397,
        "side": "sell",
        "value": 199897.2953848,
        "time": 1783339180639
      },
      {
        "price": 62585.82,
        "qty": 1.1119,
        "side": "sell",
        "value": 69589.17325800001,
        "time": 1783339180639
      },
      {
        "price": 62576.12,
        "qty": 3.19397,
        "side": "sell",
        "value": 199866.24999640003,
        "time": 1783339180648
      },
      {
        "price": 62567.67,
        "qty": 1.86176,
        "side": "sell",
        "value": 116485.98529920001,
        "time": 1783339180840
      },
      {
        "price": 62567.66,
        "qty": 3.19397,
        "side": "sell",
        "value": 199839.2290102,
        "time": 1783339180840
      },
      {
        "price": 62567.4,
        "qty": 1.5838,
        "side": "sell",
        "value": 99094.24812,
        "time": 1783339180841
      },
      {
        "price": 62562.02,
        "qty": 2.5316,
        "side": "sell",
        "value": 158382.009832,
        "time": 1783339180847
      },
      {
        "price": 62562.01,
        "qty": 3.19397,
        "side": "sell",
        "value": 199821.18307970001,
        "time": 1783339180848
      },
      {
        "price": 62561.44,
        "qty": 1.61122,
        "side": "sell",
        "value": 100800.24335680001,
        "time": 1783339180848
      },
      {
        "price": 62560.27,
        "qty": 1.58398,
        "side": "sell",
        "value": 99094.21647459999,
        "time": 1783339180849
      },
      {
        "price": 62555.57,
        "qty": 1.21156,
        "side": "sell",
        "value": 75789.8263892,
        "time": 1783339180853
      },
      {
        "price": 62554.94,
        "qty": 1.58412,
        "side": "sell",
        "value": 99094.5315528,
        "time": 1783339180855
      },
      {
        "price": 62550.51,
        "qty": 3.19397,
        "side": "sell",
        "value": 199784.45242470002,
        "time": 1783339180860
      },
      {
        "price": 62547.69,
        "qty": 1.5843,
        "side": "sell",
        "value": 99094.305267,
        "time": 1783339180865
      },
      {
        "price": 62545,
        "qty": 10.32253,
        "side": "buy",
        "value": 645622.63885,
        "time": 1783339180868
      },
      {
        "price": 62545,
        "qty": 3.82692,
        "side": "buy",
        "value": 239354.7114,
        "time": 1783339180872
      },
      {
        "price": 62545,
        "qty": 3.13733,
        "side": "buy",
        "value": 196224.30485,
        "time": 1783339180872
      },
      {
        "price": 62545,
        "qty": 1.60037,
        "side": "buy",
        "value": 100095.14165,
        "time": 1783339180872
      },
      {
        "price": 62545,
        "qty": 7.05864,
        "side": "buy",
        "value": 441482.63879999996,
        "time": 1783339180872
      },
      {
        "price": 62599.83,
        "qty": 1.28,
        "side": "sell",
        "value": 80127.78240000001,
        "time": 1783339185272
      },
      {
        "price": 62599.83,
        "qty": 5.12,
        "side": "sell",
        "value": 320511.12960000004,
        "time": 1783339185272
      },
      {
        "price": 62520,
        "qty": 0.87933,
        "side": "sell",
        "value": 54975.711599999995,
        "time": 1783339190853
      },
      {
        "price": 62500.01,
        "qty": 2.82282,
        "side": "sell",
        "value": 176426.2782282,
        "time": 1783339198322
      },
      {
        "price": 62500.01,
        "qty": 0.99666,
        "side": "sell",
        "value": 62291.2599666,
        "time": 1783339198323
      },
      {
        "price": 62500.01,
        "qty": 0.94893,
        "side": "sell",
        "value": 59308.134489300006,
        "time": 1783339198323
      },
      {
        "price": 62500,
        "qty": 0.92892,
        "side": "sell",
        "value": 58057.5,
        "time": 1783339198559
      },
      {
        "price": 62500,
        "qty": 1.41546,
        "side": "sell",
        "value": 88466.25,
        "time": 1783339198559
      },
      {
        "price": 62500,
        "qty": 1.21637,
        "side": "sell",
        "value": 76023.125,
        "time": 1783339198565
      },
      {
        "price": 62500,
        "qty": 0.82232,
        "side": "sell",
        "value": 51395,
        "time": 1783339198569
      }
    ]
  },
  "depthImportant": {
    "buys": [
      {
        "side": "buy",
        "layer": 1,
        "price": 62483.83,
        "qty": 0.12852,
        "cumulative": 0.83473
      },
      {
        "side": "buy",
        "layer": 34,
        "price": 62478.49,
        "qty": 0.15018,
        "cumulative": 0.70621
      },
      {
        "side": "buy",
        "layer": 42,
        "price": 62477.19,
        "qty": 0.20073,
        "cumulative": 0.20073
      },
      {
        "side": "buy",
        "layer": 43,
        "price": 62477.15,
        "qty": 0.19699,
        "cumulative": 0.39771999999999996
      },
      {
        "side": "buy",
        "layer": 47,
        "price": 62477,
        "qty": 0.15831,
        "cumulative": 0.55603
      },
      {
        "side": "buy",
        "layer": 54,
        "price": 62475.48,
        "qty": 0.20547,
        "cumulative": 2.23853
      },
      {
        "side": "buy",
        "layer": 65,
        "price": 62473.72,
        "qty": 0.20547,
        "cumulative": 2.444
      },
      {
        "side": "buy",
        "layer": 72,
        "price": 62472.05,
        "qty": 0.20547,
        "cumulative": 2.64947
      },
      {
        "side": "buy",
        "layer": 79,
        "price": 62471.45,
        "qty": 0.225,
        "cumulative": 2.03306
      },
      {
        "side": "buy",
        "layer": 99,
        "price": 62468.09,
        "qty": 0.97333,
        "cumulative": 1.80806
      },
      {
        "side": "buy",
        "layer": 126,
        "price": 62465.23,
        "qty": 0.76786,
        "cumulative": 5.04542
      },
      {
        "side": "buy",
        "layer": 129,
        "price": 62464.77,
        "qty": 0.80102,
        "cumulative": 4.27756
      },
      {
        "side": "buy",
        "layer": 164,
        "price": 62459.04,
        "qty": 0.82707,
        "cumulative": 3.47654
      },
      {
        "side": "buy",
        "layer": 165,
        "price": 62459.03,
        "qty": 0.76786,
        "cumulative": 5.81328
      },
      {
        "side": "buy",
        "layer": 188,
        "price": 62455.63,
        "qty": 0.76786,
        "cumulative": 6.5811399999999995
      },
      {
        "side": "buy",
        "layer": 251,
        "price": 62443.46,
        "qty": 3.19987,
        "cumulative": 14.593530000000001
      },
      {
        "side": "buy",
        "layer": 324,
        "price": 62430.02,
        "qty": 3.19987,
        "cumulative": 17.793400000000002
      },
      {
        "side": "buy",
        "layer": 395,
        "price": 62413.77,
        "qty": 3.19987,
        "cumulative": 20.993270000000003
      },
      {
        "side": "buy",
        "layer": 443,
        "price": 62400,
        "qty": 2.75844,
        "cumulative": 23.751710000000003
      },
      {
        "side": "buy",
        "layer": 455,
        "price": 62397.06,
        "qty": 4.81252,
        "cumulative": 11.39366
      },
      {
        "side": "buy",
        "layer": 953,
        "price": 60000,
        "qty": 623.1415,
        "cumulative": 646.89321
      },
      {
        "side": "buy",
        "layer": 971,
        "price": 59000,
        "qty": 63.19646,
        "cumulative": 1073.67078
      },
      {
        "side": "buy",
        "layer": 975,
        "price": 58500,
        "qty": 32.07746,
        "cumulative": 1105.74824
      },
      {
        "side": "buy",
        "layer": 979,
        "price": 58000,
        "qty": 109.58091,
        "cumulative": 1010.4743199999999
      },
      {
        "side": "buy",
        "layer": 985,
        "price": 57000,
        "qty": 254.0002,
        "cumulative": 900.8934099999999
      }
    ],
    "sells": [
      {
        "side": "sell",
        "layer": 1,
        "price": 62483.84,
        "qty": 4.93992,
        "cumulative": 4.93992
      },
      {
        "side": "sell",
        "layer": 8,
        "price": 62484.17,
        "qty": 3.19987,
        "cumulative": 12.4189
      },
      {
        "side": "sell",
        "layer": 21,
        "price": 62487.98,
        "qty": 1.98097,
        "cumulative": 17.59974
      },
      {
        "side": "sell",
        "layer": 28,
        "price": 62489.62,
        "qty": 3.19987,
        "cumulative": 15.618770000000001
      },
      {
        "side": "sell",
        "layer": 49,
        "price": 62493.23,
        "qty": 4.27911,
        "cumulative": 9.21903
      },
      {
        "side": "sell",
        "layer": 60,
        "price": 62495.98,
        "qty": 0.76786,
        "cumulative": 23.93306
      },
      {
        "side": "sell",
        "layer": 78,
        "price": 62500,
        "qty": 1.36985,
        "cumulative": 22.16946
      },
      {
        "side": "sell",
        "layer": 83,
        "price": 62500.41,
        "qty": 3.19987,
        "cumulative": 20.79961
      },
      {
        "side": "sell",
        "layer": 86,
        "price": 62500.98,
        "qty": 0.76786,
        "cumulative": 24.70092
      },
      {
        "side": "sell",
        "layer": 99,
        "price": 62503.5,
        "qty": 0.99574,
        "cumulative": 23.165200000000002
      },
      {
        "side": "sell",
        "layer": 111,
        "price": 62504.93,
        "qty": 3.19987,
        "cumulative": 31.86852
      },
      {
        "side": "sell",
        "layer": 127,
        "price": 62509.32,
        "qty": 1.58527,
        "cumulative": 39.85353
      },
      {
        "side": "sell",
        "layer": 130,
        "price": 62509.44,
        "qty": 3.96773,
        "cumulative": 28.66865
      },
      {
        "side": "sell",
        "layer": 157,
        "price": 62513.24,
        "qty": 3.19987,
        "cumulative": 35.06839
      },
      {
        "side": "sell",
        "layer": 182,
        "price": 62517.05,
        "qty": 3.19987,
        "cumulative": 38.26826
      },
      {
        "side": "sell",
        "layer": 214,
        "price": 62524.55,
        "qty": 3.19987,
        "cumulative": 51.76303
      },
      {
        "side": "sell",
        "layer": 259,
        "price": 62531.09,
        "qty": 3.19987,
        "cumulative": 54.9629
      },
      {
        "side": "sell",
        "layer": 291,
        "price": 62538.62,
        "qty": 3.19954,
        "cumulative": 58.16244
      },
      {
        "side": "sell",
        "layer": 359,
        "price": 62554.33,
        "qty": 3.90932,
        "cumulative": 48.56316
      },
      {
        "side": "sell",
        "layer": 372,
        "price": 62555.71,
        "qty": 4.80031,
        "cumulative": 44.65384
      },
      {
        "side": "sell",
        "layer": 530,
        "price": 62595.94,
        "qty": 4.79722,
        "cumulative": 85.12890999999999
      },
      {
        "side": "sell",
        "layer": 582,
        "price": 62612.4,
        "qty": 4.79596,
        "cumulative": 89.92486999999998
      },
      {
        "side": "sell",
        "layer": 780,
        "price": 62676.79,
        "qty": 4.79104,
        "cumulative": 94.71590999999998
      },
      {
        "side": "sell",
        "layer": 919,
        "price": 62725,
        "qty": 15.71737,
        "cumulative": 73.87980999999999
      },
      {
        "side": "sell",
        "layer": 930,
        "price": 62729.9,
        "qty": 6.45188,
        "cumulative": 80.33169
      }
    ]
  },
  "updatedAt": 1783339200388
}