{
  "symbol": "btcusdt",
  "timeframe": "1m",
  "candle": {
    "startTime": 1783336560000,
    "open": 62807.68,
    "high": 62807.69,
    "low": 62783.46,
    "close": 62790.36,
    "volume": 1442,
    "direction": "down",
    "volatility": 24.2300000000032,
    "totalVolume": 1442
  },
  "trades": {
    "count": 80614,
    "buyVolume": 176.894179999969,
    "sellVolume": 199.53811999996532,
    "bigTrades": [
      {
        "price": 62859.14,
        "qty": 1.0194,
        "side": "sell",
        "value": 64078.607316,
        "time": 1783333103521
      },
      {
        "price": 62859.14,
        "qty": 0.98503,
        "side": "sell",
        "value": 61918.138674199996,
        "time": 1783333103792
      },
      {
        "price": 62856,
        "qty": 1.0194,
        "side": "buy",
        "value": 64075.40640000001,
        "time": 1783333143863
      },
      {
        "price": 62837.83,
        "qty": 1.01947,
        "side": "buy",
        "value": 64061.28255010001,
        "time": 1783333252137
      },
      {
        "price": 62876.57,
        "qty": 1.22566,
        "side": "buy",
        "value": 77065.2967862,
        "time": 1783333781160
      },
      {
        "price": 62876.57,
        "qty": 1.18937,
        "side": "buy",
        "value": 74783.5060609,
        "time": 1783333781161
      },
      {
        "price": 62883.53,
        "qty": 1.43429,
        "side": "buy",
        "value": 90193.2182437,
        "time": 1783333781194
      },
      {
        "price": 62883.54,
        "qty": 2.0898,
        "side": "buy",
        "value": 131414.021892,
        "time": 1783333781194
      },
      {
        "price": 62876,
        "qty": 0.96248,
        "side": "sell",
        "value": 60516.89248,
        "time": 1783333894957
      },
      {
        "price": 62882.02,
        "qty": 0.82074,
        "side": "buy",
        "value": 51609.7890948,
        "time": 1783333943400
      },
      {
        "price": 62979.04,
        "qty": 0.95754,
        "side": "sell",
        "value": 60304.949961599996,
        "time": 1783334049589
      },
      {
        "price": 62959.26,
        "qty": 0.80457,
        "side": "sell",
        "value": 50655.1318182,
        "time": 1783334302077
      },
      {
        "price": 62959.26,
        "qty": 1.8,
        "side": "sell",
        "value": 113326.668,
        "time": 1783334302077
      },
      {
        "price": 62959.26,
        "qty": 0.85232,
        "side": "sell",
        "value": 53661.4364832,
        "time": 1783334302078
      },
      {
        "price": 63025,
        "qty": 0.8507,
        "side": "sell",
        "value": 53615.3675,
        "time": 1783334389856
      },
      {
        "price": 63000,
        "qty": 1.01318,
        "side": "sell",
        "value": 63830.34,
        "time": 1783334434959
      },
      {
        "price": 62918.49,
        "qty": 1.0409,
        "side": "buy",
        "value": 65491.856240999994,
        "time": 1783334802646
      },
      {
        "price": 62894,
        "qty": 0.966,
        "side": "sell",
        "value": 60755.604,
        "time": 1783334929433
      },
      {
        "price": 62871.46,
        "qty": 4.21317,
        "side": "sell",
        "value": 264888.14912819996,
        "time": 1783334970246
      },
      {
        "price": 62827.8,
        "qty": 0.9888,
        "side": "buy",
        "value": 62124.12864,
        "time": 1783335003475
      },
      {
        "price": 62827.8,
        "qty": 3.18352,
        "side": "buy",
        "value": 200013.55785600003,
        "time": 1783335003477
      },
      {
        "price": 62833.43,
        "qty": 0.99935,
        "side": "buy",
        "value": 62792.5882705,
        "time": 1783335197280
      },
      {
        "price": 62840.01,
        "qty": 0.8167,
        "side": "buy",
        "value": 51321.436167,
        "time": 1783335224033
      },
      {
        "price": 62820,
        "qty": 3.18369,
        "side": "buy",
        "value": 199999.4058,
        "time": 1783335565420
      },
      {
        "price": 62871.03,
        "qty": 1.36622,
        "side": "sell",
        "value": 85895.6586066,
        "time": 1783335908214
      },
      {
        "price": 62870.71,
        "qty": 0.86668,
        "side": "sell",
        "value": 54488.7869428,
        "time": 1783335926908
      },
      {
        "price": 62870.71,
        "qty": 4.77182,
        "side": "sell",
        "value": 300007.71139219997,
        "time": 1783335928709
      },
      {
        "price": 62864.76,
        "qty": 0.91128,
        "side": "sell",
        "value": 57287.3984928,
        "time": 1783335983408
      },
      {
        "price": 62850.01,
        "qty": 0.84409,
        "side": "buy",
        "value": 53051.0649409,
        "time": 1783335991595
      },
      {
        "price": 62819.85,
        "qty": 0.87148,
        "side": "sell",
        "value": 54746.242878,
        "time": 1783336539602
      },
      {
        "price": 62819.85,
        "qty": 1.1893,
        "side": "sell",
        "value": 74711.647605,
        "time": 1783336539603
      },
      {
        "price": 62807.68,
        "qty": 0.83728,
        "side": "sell",
        "value": 52587.6143104,
        "time": 1783336572523
      }
    ]
  },
  "depthImportant": {
    "buys": [
      {
        "side": "buy",
        "layer": 1,
        "price": 62790.36,
        "qty": 9.48158,
        "cumulative": 9.48158
      },
      {
        "side": "buy",
        "layer": 5,
        "price": 62790.03,
        "qty": 1.65725,
        "cumulative": 17.54975
      },
      {
        "side": "buy",
        "layer": 6,
        "price": 62790.02,
        "qty": 3.18528,
        "cumulative": 15.8925
      },
      {
        "side": "buy",
        "layer": 15,
        "price": 62787.27,
        "qty": 1.60514,
        "cumulative": 19.154889999999998
      },
      {
        "side": "buy",
        "layer": 29,
        "price": 62784.84,
        "qty": 3.22564,
        "cumulative": 12.70722
      },
      {
        "side": "buy",
        "layer": 55,
        "price": 62782.37,
        "qty": 0.66,
        "cumulative": 24.204150000000002
      },
      {
        "side": "buy",
        "layer": 66,
        "price": 62780.83,
        "qty": 0.57398,
        "cumulative": 25.352130000000002
      },
      {
        "side": "buy",
        "layer": 89,
        "price": 62778.24,
        "qty": 0.574,
        "cumulative": 24.778150000000004
      },
      {
        "side": "buy",
        "layer": 96,
        "price": 62777.6,
        "qty": 1.20378,
        "cumulative": 23.544150000000002
      },
      {
        "side": "buy",
        "layer": 97,
        "price": 62777.59,
        "qty": 3.18548,
        "cumulative": 22.34037
      },
      {
        "side": "buy",
        "layer": 126,
        "price": 62774.7,
        "qty": 1.29182,
        "cumulative": 36.13792
      },
      {
        "side": "buy",
        "layer": 140,
        "price": 62773.3,
        "qty": 3.18555,
        "cumulative": 28.53768
      },
      {
        "side": "buy",
        "layer": 158,
        "price": 62771.1,
        "qty": 1.57869,
        "cumulative": 33.30128
      },
      {
        "side": "buy",
        "layer": 181,
        "price": 62768.54,
        "qty": 1.54482,
        "cumulative": 34.8461
      },
      {
        "side": "buy",
        "layer": 182,
        "price": 62768.53,
        "qty": 3.18491,
        "cumulative": 31.72259
      },
      {
        "side": "buy",
        "layer": 206,
        "price": 62764.94,
        "qty": 1.79516,
        "cumulative": 47.48519000000001
      },
      {
        "side": "buy",
        "layer": 222,
        "price": 62763.44,
        "qty": 3.18471,
        "cumulative": 39.322630000000004
      },
      {
        "side": "buy",
        "layer": 245,
        "price": 62759.22,
        "qty": 3.1837,
        "cumulative": 42.506330000000005
      },
      {
        "side": "buy",
        "layer": 308,
        "price": 62751.26,
        "qty": 3.1837,
        "cumulative": 45.69003000000001
      },
      {
        "side": "buy",
        "layer": 484,
        "price": 62730.4,
        "qty": 1.60688,
        "cumulative": 49.09207000000001
      },
      {
        "side": "buy",
        "layer": 593,
        "price": 62712.35,
        "qty": 4.78841,
        "cumulative": 74.71357
      },
      {
        "side": "buy",
        "layer": 770,
        "price": 62680.85,
        "qty": 4.79091,
        "cumulative": 69.92516
      },
      {
        "side": "buy",
        "layer": 808,
        "price": 62672.08,
        "qty": 4.79148,
        "cumulative": 65.13425000000001
      },
      {
        "side": "buy",
        "layer": 841,
        "price": 62666.56,
        "qty": 4.7919,
        "cumulative": 60.34277
      },
      {
        "side": "buy",
        "layer": 990,
        "price": 62634.07,
        "qty": 6.4588,
        "cumulative": 55.55087
      }
    ],
    "sells": [
      {
        "side": "sell",
        "layer": 17,
        "price": 62795.86,
        "qty": 0.0834,
        "cumulative": 1.2182899999999999
      },
      {
        "side": "sell",
        "layer": 24,
        "price": 62796.23,
        "qty": 0.08332,
        "cumulative": 1.30161
      },
      {
        "side": "sell",
        "layer": 26,
        "price": 62796.26,
        "qty": 0.0976,
        "cumulative": 1.13489
      },
      {
        "side": "sell",
        "layer": 34,
        "price": 62797.32,
        "qty": 0.08322,
        "cumulative": 1.38483
      },
      {
        "side": "sell",
        "layer": 42,
        "price": 62798.48,
        "qty": 1.03729,
        "cumulative": 1.03729
      },
      {
        "side": "sell",
        "layer": 53,
        "price": 62800,
        "qty": 2.39461,
        "cumulative": 3.77944
      },
      {
        "side": "sell",
        "layer": 87,
        "price": 62803.49,
        "qty": 0.4762,
        "cumulative": 6.464860000000001
      },
      {
        "side": "sell",
        "layer": 88,
        "price": 62803.51,
        "qty": 0.62358,
        "cumulative": 5.511950000000001
      },
      {
        "side": "sell",
        "layer": 89,
        "price": 62803.52,
        "qty": 1.10893,
        "cumulative": 4.88837
      },
      {
        "side": "sell",
        "layer": 97,
        "price": 62804.93,
        "qty": 0.47671,
        "cumulative": 5.98866
      },
      {
        "side": "sell",
        "layer": 134,
        "price": 62810.01,
        "qty": 1.28274,
        "cumulative": 15.52078
      },
      {
        "side": "sell",
        "layer": 135,
        "price": 62810.02,
        "qty": 3.18471,
        "cumulative": 9.64957
      },
      {
        "side": "sell",
        "layer": 159,
        "price": 62813.9,
        "qty": 1.40376,
        "cumulative": 14.23804
      },
      {
        "side": "sell",
        "layer": 160,
        "price": 62813.91,
        "qty": 3.18471,
        "cumulative": 12.83428
      },
      {
        "side": "sell",
        "layer": 177,
        "price": 62815.74,
        "qty": 0.83895,
        "cumulative": 16.35973
      },
      {
        "side": "sell",
        "layer": 364,
        "price": 62847.1,
        "qty": 5.38864,
        "cumulative": 21.748369999999998
      },
      {
        "side": "sell",
        "layer": 365,
        "price": 62847.11,
        "qty": 4.77814,
        "cumulative": 26.52651
      },
      {
        "side": "sell",
        "layer": 442,
        "price": 62864.04,
        "qty": 4.04153,
        "cumulative": 35.34418
      },
      {
        "side": "sell",
        "layer": 487,
        "price": 62873.09,
        "qty": 3.76759,
        "cumulative": 39.11177
      },
      {
        "side": "sell",
        "layer": 489,
        "price": 62873.36,
        "qty": 4.77614,
        "cumulative": 31.30265
      },
      {
        "side": "sell",
        "layer": 598,
        "price": 62903.93,
        "qty": 4.77382,
        "cumulative": 50.08626
      },
      {
        "side": "sell",
        "layer": 637,
        "price": 62916.01,
        "qty": 4.77291,
        "cumulative": 54.859170000000006
      },
      {
        "side": "sell",
        "layer": 638,
        "price": 62916.28,
        "qty": 4.77289,
        "cumulative": 59.63206000000001
      },
      {
        "side": "sell",
        "layer": 724,
        "price": 62945.09,
        "qty": 6.20067,
        "cumulative": 45.31244
      },
      {
        "side": "sell",
        "layer": 736,
        "price": 62949.86,
        "qty": 4.77042,
        "cumulative": 64.40248000000001
      }
    ]
  },
  "updatedAt": 1783336620697
}