{
  "symbol": "btcusdt",
  "timeframe": "1m",
  "candle": {
    "startTime": 1783339320000,
    "open": 62210.09,
    "high": 62236,
    "low": 62056,
    "close": 62100,
    "volume": 18382,
    "direction": "down",
    "volatility": 180,
    "totalVolume": 18382
  },
  "trades": {
    "count": 74018,
    "buyVolume": 209.12004000000235,
    "sellVolume": 417.77627999998526,
    "bigTrades": [
      {
        "price": 62625.23,
        "qty": 1,
        "side": "sell",
        "value": 62625.23,
        "time": 1783339167026
      },
      {
        "price": 62620,
        "qty": 1.24966,
        "side": "sell",
        "value": 78253.7092,
        "time": 1783339167031
      },
      {
        "price": 62619.99,
        "qty": 3.19386,
        "side": "sell",
        "value": 199999.48126139998,
        "time": 1783339167031
      },
      {
        "price": 62613.03,
        "qty": 0.91264,
        "side": "buy",
        "value": 57143.1556992,
        "time": 1783339170937
      },
      {
        "price": 62622.48,
        "qty": 0.97939,
        "side": "buy",
        "value": 61331.8306872,
        "time": 1783339171185
      },
      {
        "price": 62645.12,
        "qty": 3.19284,
        "side": "sell",
        "value": 200015.84494080002,
        "time": 1783339171642
      },
      {
        "price": 62645.11,
        "qty": 3.19284,
        "side": "sell",
        "value": 200015.8130124,
        "time": 1783339171649
      },
      {
        "price": 62645.11,
        "qty": 1.10606,
        "side": "sell",
        "value": 69289.2503666,
        "time": 1783339171649
      },
      {
        "price": 62643.83,
        "qty": 0.94539,
        "side": "sell",
        "value": 59222.8504437,
        "time": 1783339171651
      },
      {
        "price": 62596.8,
        "qty": 1.54804,
        "side": "sell",
        "value": 96902.35027200001,
        "time": 1783339180632
      },
      {
        "price": 62596.79,
        "qty": 3.19397,
        "side": "sell",
        "value": 199932.2693563,
        "time": 1783339180632
      },
      {
        "price": 62591.28,
        "qty": 1.50598,
        "side": "sell",
        "value": 94261.2158544,
        "time": 1783339180635
      },
      {
        "price": 62591.27,
        "qty": 3.19397,
        "side": "sell",
        "value": 199914.6386419,
        "time": 1783339180635
      },
      {
        "price": 62591.24,
        "qty": 0.79935,
        "side": "sell",
        "value": 50032.307693999996,
        "time": 1783339180635
      },
      {
        "price": 62585.85,
        "qty": 1.66785,
        "side": "sell",
        "value": 104383.8099225,
        "time": 1783339180639
      },
      {
        "price": 62585.84,
        "qty": 3.19397,
        "side": "sell",
        "value": 199897.2953848,
        "time": 1783339180639
      },
      {
        "price": 62585.82,
        "qty": 1.1119,
        "side": "sell",
        "value": 69589.17325800001,
        "time": 1783339180639
      },
      {
        "price": 62576.12,
        "qty": 3.19397,
        "side": "sell",
        "value": 199866.24999640003,
        "time": 1783339180648
      },
      {
        "price": 62567.67,
        "qty": 1.86176,
        "side": "sell",
        "value": 116485.98529920001,
        "time": 1783339180840
      },
      {
        "price": 62567.66,
        "qty": 3.19397,
        "side": "sell",
        "value": 199839.2290102,
        "time": 1783339180840
      },
      {
        "price": 62567.4,
        "qty": 1.5838,
        "side": "sell",
        "value": 99094.24812,
        "time": 1783339180841
      },
      {
        "price": 62562.02,
        "qty": 2.5316,
        "side": "sell",
        "value": 158382.009832,
        "time": 1783339180847
      },
      {
        "price": 62562.01,
        "qty": 3.19397,
        "side": "sell",
        "value": 199821.18307970001,
        "time": 1783339180848
      },
      {
        "price": 62561.44,
        "qty": 1.61122,
        "side": "sell",
        "value": 100800.24335680001,
        "time": 1783339180848
      },
      {
        "price": 62560.27,
        "qty": 1.58398,
        "side": "sell",
        "value": 99094.21647459999,
        "time": 1783339180849
      },
      {
        "price": 62555.57,
        "qty": 1.21156,
        "side": "sell",
        "value": 75789.8263892,
        "time": 1783339180853
      },
      {
        "price": 62554.94,
        "qty": 1.58412,
        "side": "sell",
        "value": 99094.5315528,
        "time": 1783339180855
      },
      {
        "price": 62550.51,
        "qty": 3.19397,
        "side": "sell",
        "value": 199784.45242470002,
        "time": 1783339180860
      },
      {
        "price": 62547.69,
        "qty": 1.5843,
        "side": "sell",
        "value": 99094.305267,
        "time": 1783339180865
      },
      {
        "price": 62545,
        "qty": 10.32253,
        "side": "buy",
        "value": 645622.63885,
        "time": 1783339180868
      },
      {
        "price": 62545,
        "qty": 3.82692,
        "side": "buy",
        "value": 239354.7114,
        "time": 1783339180872
      },
      {
        "price": 62545,
        "qty": 3.13733,
        "side": "buy",
        "value": 196224.30485,
        "time": 1783339180872
      },
      {
        "price": 62545,
        "qty": 1.60037,
        "side": "buy",
        "value": 100095.14165,
        "time": 1783339180872
      },
      {
        "price": 62545,
        "qty": 7.05864,
        "side": "buy",
        "value": 441482.63879999996,
        "time": 1783339180872
      },
      {
        "price": 62599.83,
        "qty": 1.28,
        "side": "sell",
        "value": 80127.78240000001,
        "time": 1783339185272
      },
      {
        "price": 62599.83,
        "qty": 5.12,
        "side": "sell",
        "value": 320511.12960000004,
        "time": 1783339185272
      },
      {
        "price": 62520,
        "qty": 0.87933,
        "side": "sell",
        "value": 54975.711599999995,
        "time": 1783339190853
      },
      {
        "price": 62500.01,
        "qty": 2.82282,
        "side": "sell",
        "value": 176426.2782282,
        "time": 1783339198322
      },
      {
        "price": 62500.01,
        "qty": 0.99666,
        "side": "sell",
        "value": 62291.2599666,
        "time": 1783339198323
      },
      {
        "price": 62500.01,
        "qty": 0.94893,
        "side": "sell",
        "value": 59308.134489300006,
        "time": 1783339198323
      },
      {
        "price": 62500,
        "qty": 0.92892,
        "side": "sell",
        "value": 58057.5,
        "time": 1783339198559
      },
      {
        "price": 62500,
        "qty": 1.41546,
        "side": "sell",
        "value": 88466.25,
        "time": 1783339198559
      },
      {
        "price": 62500,
        "qty": 1.21637,
        "side": "sell",
        "value": 76023.125,
        "time": 1783339198565
      },
      {
        "price": 62500,
        "qty": 0.82232,
        "side": "sell",
        "value": 51395,
        "time": 1783339198569
      },
      {
        "price": 62443.38,
        "qty": 1.40548,
        "side": "sell",
        "value": 87762.9217224,
        "time": 1783339208248
      },
      {
        "price": 62414.02,
        "qty": 1.48808,
        "side": "buy",
        "value": 92877.0548816,
        "time": 1783339208852
      },
      {
        "price": 62417.96,
        "qty": 1.21145,
        "side": "buy",
        "value": 75616.237642,
        "time": 1783339208897
      },
      {
        "price": 62417.96,
        "qty": 3.20435,
        "side": "buy",
        "value": 200008.990126,
        "time": 1783339208897
      },
      {
        "price": 62417.97,
        "qty": 1.40145,
        "side": "buy",
        "value": 87475.66405650001,
        "time": 1783339208897
      },
      {
        "price": 62415.28,
        "qty": 1.53707,
        "side": "buy",
        "value": 95936.65442959999,
        "time": 1783339208912
      },
      {
        "price": 62417.97,
        "qty": 3.20435,
        "side": "buy",
        "value": 200009.02216949998,
        "time": 1783339208913
      },
      {
        "price": 62400,
        "qty": 1.01496,
        "side": "sell",
        "value": 63333.50400000001,
        "time": 1783339212201
      },
      {
        "price": 62390,
        "qty": 1.05578,
        "side": "buy",
        "value": 65870.1142,
        "time": 1783339212750
      },
      {
        "price": 62394.6,
        "qty": 3.2054,
        "side": "buy",
        "value": 199999.65084,
        "time": 1783339213945
      },
      {
        "price": 62409.99,
        "qty": 0.88258,
        "side": "buy",
        "value": 55081.8089742,
        "time": 1783339219360
      },
      {
        "price": 62300,
        "qty": 1.11511,
        "side": "sell",
        "value": 69471.353,
        "time": 1783339226001
      },
      {
        "price": 62286.14,
        "qty": 1.5398,
        "side": "sell",
        "value": 95908.198372,
        "time": 1783339226121
      },
      {
        "price": 62299,
        "qty": 1.81578,
        "side": "buy",
        "value": 113121.27822,
        "time": 1783339229389
      },
      {
        "price": 62300.14,
        "qty": 1.18611,
        "side": "sell",
        "value": 73894.8190554,
        "time": 1783339229857
      },
      {
        "price": 62298.33,
        "qty": 1.61664,
        "side": "sell",
        "value": 100713.9722112,
        "time": 1783339229858
      },
      {
        "price": 62298.32,
        "qty": 2.03002,
        "side": "sell",
        "value": 126466.8355664,
        "time": 1783339229858
      },
      {
        "price": 62297,
        "qty": 1.07241,
        "side": "sell",
        "value": 66807.92577,
        "time": 1783339229858
      },
      {
        "price": 62200,
        "qty": 0.93771,
        "side": "sell",
        "value": 58325.562000000005,
        "time": 1783339233657
      },
      {
        "price": 62200,
        "qty": 0.999,
        "side": "sell",
        "value": 62137.8,
        "time": 1783339233658
      },
      {
        "price": 62308.13,
        "qty": 1.31873,
        "side": "sell",
        "value": 82167.60027489999,
        "time": 1783339257201
      },
      {
        "price": 62302.98,
        "qty": 0.98268,
        "side": "sell",
        "value": 61223.8923864,
        "time": 1783339257203
      },
      {
        "price": 62212.87,
        "qty": 0.8665,
        "side": "sell",
        "value": 53907.45185500001,
        "time": 1783339318357
      },
      {
        "price": 62210.08,
        "qty": 0.8665,
        "side": "sell",
        "value": 53905.034320000006,
        "time": 1783339318359
      },
      {
        "price": 62206.65,
        "qty": 1.27009,
        "side": "sell",
        "value": 79008.0440985,
        "time": 1783339318362
      },
      {
        "price": 62206.64,
        "qty": 3.2146,
        "side": "sell",
        "value": 199969.46494399998,
        "time": 1783339318362
      },
      {
        "price": 62206.62,
        "qty": 0.8665,
        "side": "sell",
        "value": 53902.036230000005,
        "time": 1783339318362
      },
      {
        "price": 62202.76,
        "qty": 0.8665,
        "side": "sell",
        "value": 53898.69154000001,
        "time": 1783339318363
      },
      {
        "price": 62200.12,
        "qty": 2.46707,
        "side": "sell",
        "value": 153452.0500484,
        "time": 1783339318365
      },
      {
        "price": 62223.08,
        "qty": 1.27396,
        "side": "buy",
        "value": 79269.7149968,
        "time": 1783339321973
      },
      {
        "price": 62223.08,
        "qty": 6.58978,
        "side": "buy",
        "value": 410036.4081224,
        "time": 1783339321975
      },
      {
        "price": 62200,
        "qty": 10.7551,
        "side": "sell",
        "value": 668967.2200000001,
        "time": 1783339325801
      },
      {
        "price": 62200,
        "qty": 0.89401,
        "side": "sell",
        "value": 55607.422,
        "time": 1783339325807
      },
      {
        "price": 62200,
        "qty": 1.70273,
        "side": "sell",
        "value": 105909.80600000001,
        "time": 1783339325810
      },
      {
        "price": 62200,
        "qty": 0.89268,
        "side": "sell",
        "value": 55524.696,
        "time": 1783339325843
      },
      {
        "price": 62100,
        "qty": 1.09009,
        "side": "sell",
        "value": 67694.589,
        "time": 1783339330028
      },
      {
        "price": 62100,
        "qty": 1.48898,
        "side": "sell",
        "value": 92465.658,
        "time": 1783339330029
      },
      {
        "price": 62103.99,
        "qty": 1.01942,
        "side": "sell",
        "value": 63310.049485799995,
        "time": 1783339334318
      },
      {
        "price": 62110.95,
        "qty": 0.8861,
        "side": "buy",
        "value": 55036.512794999995,
        "time": 1783339334679
      },
      {
        "price": 62096.03,
        "qty": 0.8693,
        "side": "sell",
        "value": 53980.07887899999,
        "time": 1783339342315
      },
      {
        "price": 62096,
        "qty": 0.85691,
        "side": "sell",
        "value": 53210.683359999995,
        "time": 1783339342316
      },
      {
        "price": 62093.51,
        "qty": 0.8693,
        "side": "sell",
        "value": 53977.888243,
        "time": 1783339342319
      },
      {
        "price": 62091.01,
        "qty": 0.8693,
        "side": "sell",
        "value": 53975.714993,
        "time": 1783339342321
      },
      {
        "price": 62088.46,
        "qty": 0.8693,
        "side": "sell",
        "value": 53973.498278,
        "time": 1783339342458
      },
      {
        "price": 62085.83,
        "qty": 0.8693,
        "side": "sell",
        "value": 53971.212019,
        "time": 1783339342461
      },
      {
        "price": 62123.75,
        "qty": 1.75628,
        "side": "buy",
        "value": 109106.69965000001,
        "time": 1783339353597
      },
      {
        "price": 62121.26,
        "qty": 0.82867,
        "side": "buy",
        "value": 51478.0245242,
        "time": 1783339371542
      }
    ]
  },
  "depthImportant": {
    "buys": [
      {
        "side": "buy",
        "layer": 22,
        "price": 62113.41,
        "qty": 0.10218,
        "cumulative": 0.52927
      },
      {
        "side": "buy",
        "layer": 26,
        "price": 62112.48,
        "qty": 0.10209,
        "cumulative": 0.63136
      },
      {
        "side": "buy",
        "layer": 28,
        "price": 62112,
        "qty": 0.10526,
        "cumulative": 0.42709
      },
      {
        "side": "buy",
        "layer": 29,
        "price": 62111.55,
        "qty": 0.10209,
        "cumulative": 0.73345
      },
      {
        "side": "buy",
        "layer": 41,
        "price": 62109.71,
        "qty": 0.32183,
        "cumulative": 0.32183
      },
      {
        "side": "buy",
        "layer": 54,
        "price": 62107.13,
        "qty": 0.53181,
        "cumulative": 5.14068
      },
      {
        "side": "buy",
        "layer": 55,
        "price": 62107.12,
        "qty": 0.86968,
        "cumulative": 2.86951
      },
      {
        "side": "buy",
        "layer": 70,
        "price": 62105.09,
        "qty": 1.26638,
        "cumulative": 1.9998300000000002
      },
      {
        "side": "buy",
        "layer": 73,
        "price": 62104.59,
        "qty": 0.86968,
        "cumulative": 3.73919
      },
      {
        "side": "buy",
        "layer": 99,
        "price": 62101.41,
        "qty": 0.86968,
        "cumulative": 4.60887
      },
      {
        "side": "buy",
        "layer": 111,
        "price": 62098.42,
        "qty": 3.21947,
        "cumulative": 11.582619999999999
      },
      {
        "side": "buy",
        "layer": 144,
        "price": 62092.28,
        "qty": 1.7536,
        "cumulative": 16.55569
      },
      {
        "side": "buy",
        "layer": 145,
        "price": 62092.27,
        "qty": 3.22247,
        "cumulative": 8.36315
      },
      {
        "side": "buy",
        "layer": 177,
        "price": 62086.92,
        "qty": 3.21947,
        "cumulative": 14.802089999999998
      },
      {
        "side": "buy",
        "layer": 191,
        "price": 62084.71,
        "qty": 1.59613,
        "cumulative": 18.151819999999997
      },
      {
        "side": "buy",
        "layer": 224,
        "price": 62079.85,
        "qty": 4.00674,
        "cumulative": 36.99814
      },
      {
        "side": "buy",
        "layer": 229,
        "price": 62079,
        "qty": 10,
        "cumulative": 28.151819999999997
      },
      {
        "side": "buy",
        "layer": 287,
        "price": 62066.68,
        "qty": 3.21964,
        "cumulative": 40.21778
      },
      {
        "side": "buy",
        "layer": 330,
        "price": 62058.31,
        "qty": 3.21964,
        "cumulative": 43.437419999999996
      },
      {
        "side": "buy",
        "layer": 410,
        "price": 62048.63,
        "qty": 4.83958,
        "cumulative": 32.9914
      },
      {
        "side": "buy",
        "layer": 694,
        "price": 62000,
        "qty": 24.3127,
        "cumulative": 67.75012
      },
      {
        "side": "buy",
        "layer": 767,
        "price": 61981.99,
        "qty": 4.84478,
        "cumulative": 88.94602999999998
      },
      {
        "side": "buy",
        "layer": 782,
        "price": 61978.13,
        "qty": 4.84508,
        "cumulative": 84.10124999999998
      },
      {
        "side": "buy",
        "layer": 860,
        "price": 61956.8,
        "qty": 6.65847,
        "cumulative": 74.40858999999999
      },
      {
        "side": "buy",
        "layer": 893,
        "price": 61946.16,
        "qty": 4.84758,
        "cumulative": 79.25616999999998
      }
    ],
    "sells": [
      {
        "side": "sell",
        "layer": 20,
        "price": 62123.64,
        "qty": 0.86986,
        "cumulative": 5.49266
      },
      {
        "side": "sell",
        "layer": 30,
        "price": 62124.57,
        "qty": 1.40316,
        "cumulative": 4.6228
      },
      {
        "side": "sell",
        "layer": 37,
        "price": 62126.14,
        "qty": 0.86968,
        "cumulative": 6.36234
      },
      {
        "side": "sell",
        "layer": 42,
        "price": 62127.02,
        "qty": 3.21964,
        "cumulative": 3.21964
      },
      {
        "side": "sell",
        "layer": 48,
        "price": 62128.63,
        "qty": 0.86968,
        "cumulative": 7.2320199999999994
      },
      {
        "side": "sell",
        "layer": 58,
        "price": 62130.53,
        "qty": 1.37043,
        "cumulative": 15.041730000000001
      },
      {
        "side": "sell",
        "layer": 63,
        "price": 62131.23,
        "qty": 3.21964,
        "cumulative": 10.45166
      },
      {
        "side": "sell",
        "layer": 73,
        "price": 62133.95,
        "qty": 1.18047,
        "cumulative": 16.2222
      },
      {
        "side": "sell",
        "layer": 82,
        "price": 62135.19,
        "qty": 3.21964,
        "cumulative": 13.6713
      },
      {
        "side": "sell",
        "layer": 92,
        "price": 62136.96,
        "qty": 1.05145,
        "cumulative": 17.27365
      },
      {
        "side": "sell",
        "layer": 103,
        "price": 62138.94,
        "qty": 3.21998,
        "cumulative": 28.67295
      },
      {
        "side": "sell",
        "layer": 131,
        "price": 62143.15,
        "qty": 4.08966,
        "cumulative": 21.36331
      },
      {
        "side": "sell",
        "layer": 161,
        "price": 62147.07,
        "qty": 4.08966,
        "cumulative": 25.45297
      },
      {
        "side": "sell",
        "layer": 195,
        "price": 62152.72,
        "qty": 1.87193,
        "cumulative": 33.76486
      },
      {
        "side": "sell",
        "layer": 197,
        "price": 62152.93,
        "qty": 3.21998,
        "cumulative": 31.89293
      },
      {
        "side": "sell",
        "layer": 256,
        "price": 62164.9,
        "qty": 3.21947,
        "cumulative": 50.28968
      },
      {
        "side": "sell",
        "layer": 292,
        "price": 62172.36,
        "qty": 3.21947,
        "cumulative": 53.50915
      },
      {
        "side": "sell",
        "layer": 353,
        "price": 62184.64,
        "qty": 4.82899,
        "cumulative": 38.593849999999996
      },
      {
        "side": "sell",
        "layer": 417,
        "price": 62195.91,
        "qty": 3.64899,
        "cumulative": 47.070209999999996
      },
      {
        "side": "sell",
        "layer": 465,
        "price": 62205.51,
        "qty": 4.82737,
        "cumulative": 43.42122
      },
      {
        "side": "sell",
        "layer": 543,
        "price": 62226.86,
        "qty": 4.82572,
        "cumulative": 65.00113
      },
      {
        "side": "sell",
        "layer": 582,
        "price": 62237.75,
        "qty": 4.82487,
        "cumulative": 69.82600000000001
      },
      {
        "side": "sell",
        "layer": 617,
        "price": 62247.72,
        "qty": 4.8241,
        "cumulative": 74.65010000000001
      },
      {
        "side": "sell",
        "layer": 711,
        "price": 62272.05,
        "qty": 4.82221,
        "cumulative": 79.47231000000001
      },
      {
        "side": "sell",
        "layer": 785,
        "price": 62292.02,
        "qty": 6.66626,
        "cumulative": 60.17541
      }
    ]
  },
  "updatedAt": 1783339380040
}