{
  "symbol": "btcusdt",
  "timeframe": "1m",
  "candle": {
    "startTime": 1783337160000,
    "open": 62880,
    "high": 62900,
    "low": 62880,
    "close": 62900,
    "volume": 923,
    "direction": "up",
    "volatility": 20,
    "totalVolume": 923
  },
  "trades": {
    "count": 92995,
    "buyVolume": 220.86398999996254,
    "sellVolume": 210.76738999996084,
    "bigTrades": [
      {
        "price": 62859.14,
        "qty": 1.0194,
        "side": "sell",
        "value": 64078.607316,
        "time": 1783333103521
      },
      {
        "price": 62859.14,
        "qty": 0.98503,
        "side": "sell",
        "value": 61918.138674199996,
        "time": 1783333103792
      },
      {
        "price": 62856,
        "qty": 1.0194,
        "side": "buy",
        "value": 64075.40640000001,
        "time": 1783333143863
      },
      {
        "price": 62837.83,
        "qty": 1.01947,
        "side": "buy",
        "value": 64061.28255010001,
        "time": 1783333252137
      },
      {
        "price": 62876.57,
        "qty": 1.22566,
        "side": "buy",
        "value": 77065.2967862,
        "time": 1783333781160
      },
      {
        "price": 62876.57,
        "qty": 1.18937,
        "side": "buy",
        "value": 74783.5060609,
        "time": 1783333781161
      },
      {
        "price": 62883.53,
        "qty": 1.43429,
        "side": "buy",
        "value": 90193.2182437,
        "time": 1783333781194
      },
      {
        "price": 62883.54,
        "qty": 2.0898,
        "side": "buy",
        "value": 131414.021892,
        "time": 1783333781194
      },
      {
        "price": 62876,
        "qty": 0.96248,
        "side": "sell",
        "value": 60516.89248,
        "time": 1783333894957
      },
      {
        "price": 62882.02,
        "qty": 0.82074,
        "side": "buy",
        "value": 51609.7890948,
        "time": 1783333943400
      },
      {
        "price": 62979.04,
        "qty": 0.95754,
        "side": "sell",
        "value": 60304.949961599996,
        "time": 1783334049589
      },
      {
        "price": 62959.26,
        "qty": 0.80457,
        "side": "sell",
        "value": 50655.1318182,
        "time": 1783334302077
      },
      {
        "price": 62959.26,
        "qty": 1.8,
        "side": "sell",
        "value": 113326.668,
        "time": 1783334302077
      },
      {
        "price": 62959.26,
        "qty": 0.85232,
        "side": "sell",
        "value": 53661.4364832,
        "time": 1783334302078
      },
      {
        "price": 63025,
        "qty": 0.8507,
        "side": "sell",
        "value": 53615.3675,
        "time": 1783334389856
      },
      {
        "price": 63000,
        "qty": 1.01318,
        "side": "sell",
        "value": 63830.34,
        "time": 1783334434959
      },
      {
        "price": 62918.49,
        "qty": 1.0409,
        "side": "buy",
        "value": 65491.856240999994,
        "time": 1783334802646
      },
      {
        "price": 62894,
        "qty": 0.966,
        "side": "sell",
        "value": 60755.604,
        "time": 1783334929433
      },
      {
        "price": 62871.46,
        "qty": 4.21317,
        "side": "sell",
        "value": 264888.14912819996,
        "time": 1783334970246
      },
      {
        "price": 62827.8,
        "qty": 0.9888,
        "side": "buy",
        "value": 62124.12864,
        "time": 1783335003475
      },
      {
        "price": 62827.8,
        "qty": 3.18352,
        "side": "buy",
        "value": 200013.55785600003,
        "time": 1783335003477
      },
      {
        "price": 62833.43,
        "qty": 0.99935,
        "side": "buy",
        "value": 62792.5882705,
        "time": 1783335197280
      },
      {
        "price": 62840.01,
        "qty": 0.8167,
        "side": "buy",
        "value": 51321.436167,
        "time": 1783335224033
      },
      {
        "price": 62820,
        "qty": 3.18369,
        "side": "buy",
        "value": 199999.4058,
        "time": 1783335565420
      },
      {
        "price": 62871.03,
        "qty": 1.36622,
        "side": "sell",
        "value": 85895.6586066,
        "time": 1783335908214
      },
      {
        "price": 62870.71,
        "qty": 0.86668,
        "side": "sell",
        "value": 54488.7869428,
        "time": 1783335926908
      },
      {
        "price": 62870.71,
        "qty": 4.77182,
        "side": "sell",
        "value": 300007.71139219997,
        "time": 1783335928709
      },
      {
        "price": 62864.76,
        "qty": 0.91128,
        "side": "sell",
        "value": 57287.3984928,
        "time": 1783335983408
      },
      {
        "price": 62850.01,
        "qty": 0.84409,
        "side": "buy",
        "value": 53051.0649409,
        "time": 1783335991595
      },
      {
        "price": 62819.85,
        "qty": 0.87148,
        "side": "sell",
        "value": 54746.242878,
        "time": 1783336539602
      },
      {
        "price": 62819.85,
        "qty": 1.1893,
        "side": "sell",
        "value": 74711.647605,
        "time": 1783336539603
      },
      {
        "price": 62807.68,
        "qty": 0.83728,
        "side": "sell",
        "value": 52587.6143104,
        "time": 1783336572523
      },
      {
        "price": 62800,
        "qty": 1.13713,
        "side": "buy",
        "value": 71411.764,
        "time": 1783336689607
      },
      {
        "price": 62819.85,
        "qty": 1.18931,
        "side": "buy",
        "value": 74712.2758035,
        "time": 1783336751623
      },
      {
        "price": 62835.04,
        "qty": 1.20917,
        "side": "buy",
        "value": 75978.2453168,
        "time": 1783336781936
      },
      {
        "price": 62835.05,
        "qty": 3.18369,
        "side": "buy",
        "value": 200047.3203345,
        "time": 1783336781937
      },
      {
        "price": 62838.85,
        "qty": 1.29174,
        "side": "buy",
        "value": 81171.456099,
        "time": 1783336781941
      }
    ]
  },
  "depthImportant": {
    "buys": [
      {
        "side": "buy",
        "layer": 1,
        "price": 62899.99,
        "qty": 5.52715,
        "cumulative": 5.52715
      },
      {
        "side": "buy",
        "layer": 32,
        "price": 62895.03,
        "qty": 0.4762,
        "cumulative": 7.75111
      },
      {
        "side": "buy",
        "layer": 34,
        "price": 62894.96,
        "qty": 0.47671,
        "cumulative": 7.274909999999999
      },
      {
        "side": "buy",
        "layer": 44,
        "price": 62893.71,
        "qty": 1.27105,
        "cumulative": 6.7982
      },
      {
        "side": "buy",
        "layer": 45,
        "price": 62893.7,
        "qty": 0.38826,
        "cumulative": 8.13937
      },
      {
        "side": "buy",
        "layer": 56,
        "price": 62892.12,
        "qty": 0.59679,
        "cumulative": 16.744709999999998
      },
      {
        "side": "buy",
        "layer": 57,
        "price": 62892.11,
        "qty": 3.65636,
        "cumulative": 11.795729999999999
      },
      {
        "side": "buy",
        "layer": 79,
        "price": 62889.54,
        "qty": 0.47671,
        "cumulative": 17.22142
      },
      {
        "side": "buy",
        "layer": 94,
        "price": 62887.83,
        "qty": 1.17254,
        "cumulative": 16.14792
      },
      {
        "side": "buy",
        "layer": 95,
        "price": 62887.82,
        "qty": 3.17965,
        "cumulative": 14.97538
      },
      {
        "side": "buy",
        "layer": 130,
        "price": 62881.11,
        "qty": 1.72715,
        "cumulative": 25.785739999999997
      },
      {
        "side": "buy",
        "layer": 131,
        "price": 62881.1,
        "qty": 3.1799,
        "cumulative": 24.05859
      },
      {
        "side": "buy",
        "layer": 179,
        "price": 62874.82,
        "qty": 1.21039,
        "cumulative": 26.996129999999997
      },
      {
        "side": "buy",
        "layer": 194,
        "price": 62872.35,
        "qty": 3.65727,
        "cumulative": 20.87869
      },
      {
        "side": "buy",
        "layer": 196,
        "price": 62872.2,
        "qty": 0.90924,
        "cumulative": 27.905369999999998
      },
      {
        "side": "buy",
        "layer": 223,
        "price": 62867.64,
        "qty": 3.18096,
        "cumulative": 34.85711
      },
      {
        "side": "buy",
        "layer": 262,
        "price": 62862.57,
        "qty": 3.17848,
        "cumulative": 44.39419
      },
      {
        "side": "buy",
        "layer": 301,
        "price": 62855.01,
        "qty": 3.17855,
        "cumulative": 41.21571
      },
      {
        "side": "buy",
        "layer": 355,
        "price": 62847.04,
        "qty": 3.18005,
        "cumulative": 38.03716
      },
      {
        "side": "buy",
        "layer": 482,
        "price": 62819.92,
        "qty": 3.77078,
        "cumulative": 31.676149999999996
      },
      {
        "side": "buy",
        "layer": 558,
        "price": 62803.56,
        "qty": 4.7814,
        "cumulative": 70.13563
      },
      {
        "side": "buy",
        "layer": 655,
        "price": 62780.94,
        "qty": 4.78323,
        "cumulative": 65.35423
      },
      {
        "side": "buy",
        "layer": 760,
        "price": 62758.15,
        "qty": 4.78491,
        "cumulative": 60.571
      },
      {
        "side": "buy",
        "layer": 835,
        "price": 62743.69,
        "qty": 6.60554,
        "cumulative": 50.99973
      },
      {
        "side": "buy",
        "layer": 853,
        "price": 62739.66,
        "qty": 4.78636,
        "cumulative": 55.78609
      }
    ],
    "sells": [
      {
        "side": "sell",
        "layer": 1,
        "price": 62900,
        "qty": 2.56507,
        "cumulative": 2.56507
      },
      {
        "side": "sell",
        "layer": 5,
        "price": 62900.47,
        "qty": 0.07929,
        "cumulative": 3.12605
      },
      {
        "side": "sell",
        "layer": 9,
        "price": 62901,
        "qty": 0.0908,
        "cumulative": 3.0467600000000004
      },
      {
        "side": "sell",
        "layer": 36,
        "price": 62906.79,
        "qty": 0.16589,
        "cumulative": 2.95596
      },
      {
        "side": "sell",
        "layer": 39,
        "price": 62906.86,
        "qty": 0.225,
        "cumulative": 2.79007
      },
      {
        "side": "sell",
        "layer": 65,
        "price": 62909.93,
        "qty": 0.39964,
        "cumulative": 5.47854
      },
      {
        "side": "sell",
        "layer": 66,
        "price": 62909.98,
        "qty": 0.47671,
        "cumulative": 4.12599
      },
      {
        "side": "sell",
        "layer": 87,
        "price": 62912.93,
        "qty": 0.4762,
        "cumulative": 5.0789
      },
      {
        "side": "sell",
        "layer": 91,
        "price": 62913.11,
        "qty": 0.52323,
        "cumulative": 3.64928
      },
      {
        "side": "sell",
        "layer": 92,
        "price": 62913.12,
        "qty": 0.47671,
        "cumulative": 4.6027
      },
      {
        "side": "sell",
        "layer": 116,
        "price": 62916.16,
        "qty": 0.79566,
        "cumulative": 15.929649999999999
      },
      {
        "side": "sell",
        "layer": 145,
        "price": 62920.29,
        "qty": 1.50986,
        "cumulative": 13.825209999999998
      },
      {
        "side": "sell",
        "layer": 153,
        "price": 62921.4,
        "qty": 3.65676,
        "cumulative": 9.135299999999999
      },
      {
        "side": "sell",
        "layer": 169,
        "price": 62923.06,
        "qty": 1.30878,
        "cumulative": 15.133989999999999
      },
      {
        "side": "sell",
        "layer": 183,
        "price": 62925.3,
        "qty": 3.18005,
        "cumulative": 12.315349999999999
      },
      {
        "side": "sell",
        "layer": 216,
        "price": 62929.52,
        "qty": 4.13296,
        "cumulative": 24.83293
      },
      {
        "side": "sell",
        "layer": 256,
        "price": 62934.63,
        "qty": 3.18005,
        "cumulative": 35.80463
      },
      {
        "side": "sell",
        "layer": 344,
        "price": 62949.48,
        "qty": 4.77032,
        "cumulative": 20.69997
      },
      {
        "side": "sell",
        "layer": 433,
        "price": 62965.77,
        "qty": 3.76205,
        "cumulative": 32.62458
      },
      {
        "side": "sell",
        "layer": 457,
        "price": 62969.56,
        "qty": 4.0296,
        "cumulative": 28.86253
      },
      {
        "side": "sell",
        "layer": 511,
        "price": 62979.41,
        "qty": 4.76805,
        "cumulative": 46.98068000000001
      },
      {
        "side": "sell",
        "layer": 631,
        "price": 63005.43,
        "qty": 4.76608,
        "cumulative": 51.74676000000001
      },
      {
        "side": "sell",
        "layer": 634,
        "price": 63005.57,
        "qty": 4.76607,
        "cumulative": 56.51283000000001
      },
      {
        "side": "sell",
        "layer": 667,
        "price": 63012.09,
        "qty": 4.76558,
        "cumulative": 61.27841000000001
      },
      {
        "side": "sell",
        "layer": 958,
        "price": 63068.94,
        "qty": 6.408,
        "cumulative": 42.212630000000004
      }
    ]
  },
  "updatedAt": 1783337220532
}