{
  "symbol": "btcusdt",
  "timeframe": "1m",
  "candle": {
    "startTime": 1783336980000,
    "open": 62865.28,
    "high": 62910,
    "low": 62865.28,
    "close": 62910,
    "volume": 1452,
    "direction": "up",
    "volatility": 44.720000000001164,
    "totalVolume": 1452
  },
  "trades": {
    "count": 88608,
    "buyVolume": 211.4190399999644,
    "sellVolume": 205.1402699999632,
    "bigTrades": [
      {
        "price": 62859.14,
        "qty": 1.0194,
        "side": "sell",
        "value": 64078.607316,
        "time": 1783333103521
      },
      {
        "price": 62859.14,
        "qty": 0.98503,
        "side": "sell",
        "value": 61918.138674199996,
        "time": 1783333103792
      },
      {
        "price": 62856,
        "qty": 1.0194,
        "side": "buy",
        "value": 64075.40640000001,
        "time": 1783333143863
      },
      {
        "price": 62837.83,
        "qty": 1.01947,
        "side": "buy",
        "value": 64061.28255010001,
        "time": 1783333252137
      },
      {
        "price": 62876.57,
        "qty": 1.22566,
        "side": "buy",
        "value": 77065.2967862,
        "time": 1783333781160
      },
      {
        "price": 62876.57,
        "qty": 1.18937,
        "side": "buy",
        "value": 74783.5060609,
        "time": 1783333781161
      },
      {
        "price": 62883.53,
        "qty": 1.43429,
        "side": "buy",
        "value": 90193.2182437,
        "time": 1783333781194
      },
      {
        "price": 62883.54,
        "qty": 2.0898,
        "side": "buy",
        "value": 131414.021892,
        "time": 1783333781194
      },
      {
        "price": 62876,
        "qty": 0.96248,
        "side": "sell",
        "value": 60516.89248,
        "time": 1783333894957
      },
      {
        "price": 62882.02,
        "qty": 0.82074,
        "side": "buy",
        "value": 51609.7890948,
        "time": 1783333943400
      },
      {
        "price": 62979.04,
        "qty": 0.95754,
        "side": "sell",
        "value": 60304.949961599996,
        "time": 1783334049589
      },
      {
        "price": 62959.26,
        "qty": 0.80457,
        "side": "sell",
        "value": 50655.1318182,
        "time": 1783334302077
      },
      {
        "price": 62959.26,
        "qty": 1.8,
        "side": "sell",
        "value": 113326.668,
        "time": 1783334302077
      },
      {
        "price": 62959.26,
        "qty": 0.85232,
        "side": "sell",
        "value": 53661.4364832,
        "time": 1783334302078
      },
      {
        "price": 63025,
        "qty": 0.8507,
        "side": "sell",
        "value": 53615.3675,
        "time": 1783334389856
      },
      {
        "price": 63000,
        "qty": 1.01318,
        "side": "sell",
        "value": 63830.34,
        "time": 1783334434959
      },
      {
        "price": 62918.49,
        "qty": 1.0409,
        "side": "buy",
        "value": 65491.856240999994,
        "time": 1783334802646
      },
      {
        "price": 62894,
        "qty": 0.966,
        "side": "sell",
        "value": 60755.604,
        "time": 1783334929433
      },
      {
        "price": 62871.46,
        "qty": 4.21317,
        "side": "sell",
        "value": 264888.14912819996,
        "time": 1783334970246
      },
      {
        "price": 62827.8,
        "qty": 0.9888,
        "side": "buy",
        "value": 62124.12864,
        "time": 1783335003475
      },
      {
        "price": 62827.8,
        "qty": 3.18352,
        "side": "buy",
        "value": 200013.55785600003,
        "time": 1783335003477
      },
      {
        "price": 62833.43,
        "qty": 0.99935,
        "side": "buy",
        "value": 62792.5882705,
        "time": 1783335197280
      },
      {
        "price": 62840.01,
        "qty": 0.8167,
        "side": "buy",
        "value": 51321.436167,
        "time": 1783335224033
      },
      {
        "price": 62820,
        "qty": 3.18369,
        "side": "buy",
        "value": 199999.4058,
        "time": 1783335565420
      },
      {
        "price": 62871.03,
        "qty": 1.36622,
        "side": "sell",
        "value": 85895.6586066,
        "time": 1783335908214
      },
      {
        "price": 62870.71,
        "qty": 0.86668,
        "side": "sell",
        "value": 54488.7869428,
        "time": 1783335926908
      },
      {
        "price": 62870.71,
        "qty": 4.77182,
        "side": "sell",
        "value": 300007.71139219997,
        "time": 1783335928709
      },
      {
        "price": 62864.76,
        "qty": 0.91128,
        "side": "sell",
        "value": 57287.3984928,
        "time": 1783335983408
      },
      {
        "price": 62850.01,
        "qty": 0.84409,
        "side": "buy",
        "value": 53051.0649409,
        "time": 1783335991595
      },
      {
        "price": 62819.85,
        "qty": 0.87148,
        "side": "sell",
        "value": 54746.242878,
        "time": 1783336539602
      },
      {
        "price": 62819.85,
        "qty": 1.1893,
        "side": "sell",
        "value": 74711.647605,
        "time": 1783336539603
      },
      {
        "price": 62807.68,
        "qty": 0.83728,
        "side": "sell",
        "value": 52587.6143104,
        "time": 1783336572523
      },
      {
        "price": 62800,
        "qty": 1.13713,
        "side": "buy",
        "value": 71411.764,
        "time": 1783336689607
      },
      {
        "price": 62819.85,
        "qty": 1.18931,
        "side": "buy",
        "value": 74712.2758035,
        "time": 1783336751623
      },
      {
        "price": 62835.04,
        "qty": 1.20917,
        "side": "buy",
        "value": 75978.2453168,
        "time": 1783336781936
      },
      {
        "price": 62835.05,
        "qty": 3.18369,
        "side": "buy",
        "value": 200047.3203345,
        "time": 1783336781937
      },
      {
        "price": 62838.85,
        "qty": 1.29174,
        "side": "buy",
        "value": 81171.456099,
        "time": 1783336781941
      }
    ]
  },
  "depthImportant": {
    "buys": [
      {
        "side": "buy",
        "layer": 1,
        "price": 62909.99,
        "qty": 0.54185,
        "cumulative": 5.54356
      },
      {
        "side": "buy",
        "layer": 22,
        "price": 62905.57,
        "qty": 0.47679,
        "cumulative": 6.0203500000000005
      },
      {
        "side": "buy",
        "layer": 44,
        "price": 62903.37,
        "qty": 0.59672,
        "cumulative": 5.00171
      },
      {
        "side": "buy",
        "layer": 47,
        "price": 62903.34,
        "qty": 1.22585,
        "cumulative": 4.40499
      },
      {
        "side": "buy",
        "layer": 50,
        "price": 62902.73,
        "qty": 3.17914,
        "cumulative": 3.17914
      },
      {
        "side": "buy",
        "layer": 53,
        "price": 62902.12,
        "qty": 0.4768,
        "cumulative": 10.9252
      },
      {
        "side": "buy",
        "layer": 71,
        "price": 62898.75,
        "qty": 1.24861,
        "cumulative": 10.4484
      },
      {
        "side": "buy",
        "layer": 75,
        "price": 62898.2,
        "qty": 0.47671,
        "cumulative": 11.40191
      },
      {
        "side": "buy",
        "layer": 79,
        "price": 62897.86,
        "qty": 3.17944,
        "cumulative": 9.19979
      },
      {
        "side": "buy",
        "layer": 92,
        "price": 62895.66,
        "qty": 0.47671,
        "cumulative": 11.878620000000002
      },
      {
        "side": "buy",
        "layer": 103,
        "price": 62894.02,
        "qty": 3.17944,
        "cumulative": 25.30273
      },
      {
        "side": "buy",
        "layer": 137,
        "price": 62890.02,
        "qty": 3.65767,
        "cumulative": 15.536290000000001
      },
      {
        "side": "buy",
        "layer": 156,
        "price": 62885.91,
        "qty": 3.18096,
        "cumulative": 22.12329
      },
      {
        "side": "buy",
        "layer": 187,
        "price": 62880.84,
        "qty": 1.36851,
        "cumulative": 26.67124
      },
      {
        "side": "buy",
        "layer": 192,
        "price": 62880.2,
        "qty": 3.40604,
        "cumulative": 18.942330000000002
      },
      {
        "side": "buy",
        "layer": 228,
        "price": 62873.99,
        "qty": 3.30977,
        "cumulative": 29.98101
      },
      {
        "side": "buy",
        "layer": 247,
        "price": 62870.08,
        "qty": 3.18096,
        "cumulative": 33.161970000000004
      },
      {
        "side": "buy",
        "layer": 299,
        "price": 62862.55,
        "qty": 3.17944,
        "cumulative": 36.34141
      },
      {
        "side": "buy",
        "layer": 335,
        "price": 62856.05,
        "qty": 3.17926,
        "cumulative": 39.52067
      },
      {
        "side": "buy",
        "layer": 438,
        "price": 62837.52,
        "qty": 2.58695,
        "cumulative": 42.107620000000004
      },
      {
        "side": "buy",
        "layer": 664,
        "price": 62780.94,
        "qty": 4.78323,
        "cumulative": 67.57368000000001
      },
      {
        "side": "buy",
        "layer": 755,
        "price": 62761.36,
        "qty": 6.32571,
        "cumulative": 48.433330000000005
      },
      {
        "side": "buy",
        "layer": 766,
        "price": 62758.15,
        "qty": 4.78491,
        "cumulative": 62.79045000000001
      },
      {
        "side": "buy",
        "layer": 828,
        "price": 62745.12,
        "qty": 4.78585,
        "cumulative": 58.00554000000001
      },
      {
        "side": "buy",
        "layer": 862,
        "price": 62738.49,
        "qty": 4.78636,
        "cumulative": 53.21969000000001
      }
    ],
    "sells": [
      {
        "side": "sell",
        "layer": 1,
        "price": 62910,
        "qty": 1.80745,
        "cumulative": 1.80745
      },
      {
        "side": "sell",
        "layer": 6,
        "price": 62910.75,
        "qty": 0.11047,
        "cumulative": 2.40326
      },
      {
        "side": "sell",
        "layer": 7,
        "price": 62910.76,
        "qty": 0.10944,
        "cumulative": 2.5127
      },
      {
        "side": "sell",
        "layer": 27,
        "price": 62913.65,
        "qty": 0.17898,
        "cumulative": 2.29279
      },
      {
        "side": "sell",
        "layer": 49,
        "price": 62916.21,
        "qty": 0.30636,
        "cumulative": 2.11381
      },
      {
        "side": "sell",
        "layer": 74,
        "price": 62918.99,
        "qty": 0.4762,
        "cumulative": 5.087280000000002
      },
      {
        "side": "sell",
        "layer": 79,
        "price": 62919.52,
        "qty": 0.47627,
        "cumulative": 4.611080000000001
      },
      {
        "side": "sell",
        "layer": 80,
        "price": 62919.53,
        "qty": 0.57271,
        "cumulative": 3.0854100000000004
      },
      {
        "side": "sell",
        "layer": 88,
        "price": 62920.46,
        "qty": 0.47671,
        "cumulative": 4.134810000000001
      },
      {
        "side": "sell",
        "layer": 91,
        "price": 62920.99,
        "qty": 0.57269,
        "cumulative": 3.6581000000000006
      },
      {
        "side": "sell",
        "layer": 135,
        "price": 62926.38,
        "qty": 1.39612,
        "cumulative": 14.418390000000002
      },
      {
        "side": "sell",
        "layer": 143,
        "price": 62927.75,
        "qty": 3.17914,
        "cumulative": 11.447580000000002
      },
      {
        "side": "sell",
        "layer": 162,
        "price": 62929.92,
        "qty": 1.57469,
        "cumulative": 13.022270000000002
      },
      {
        "side": "sell",
        "layer": 177,
        "price": 62932.1,
        "qty": 1.36223,
        "cumulative": 15.780620000000003
      },
      {
        "side": "sell",
        "layer": 178,
        "price": 62932.11,
        "qty": 3.18116,
        "cumulative": 8.268440000000002
      },
      {
        "side": "sell",
        "layer": 246,
        "price": 62941.22,
        "qty": 3.18096,
        "cumulative": 36.132619999999996
      },
      {
        "side": "sell",
        "layer": 391,
        "price": 62965.73,
        "qty": 3.65716,
        "cumulative": 32.95166
      },
      {
        "side": "sell",
        "layer": 401,
        "price": 62966.6,
        "qty": 3.94289,
        "cumulative": 29.2945
      },
      {
        "side": "sell",
        "layer": 430,
        "price": 62970,
        "qty": 4.80294,
        "cumulative": 20.583560000000002
      },
      {
        "side": "sell",
        "layer": 478,
        "price": 62979.41,
        "qty": 4.76805,
        "cumulative": 25.35161
      },
      {
        "side": "sell",
        "layer": 535,
        "price": 62991.93,
        "qty": 4.76711,
        "cumulative": 47.15934
      },
      {
        "side": "sell",
        "layer": 601,
        "price": 63005.43,
        "qty": 4.76608,
        "cumulative": 51.92542
      },
      {
        "side": "sell",
        "layer": 661,
        "price": 63017.7,
        "qty": 4.76515,
        "cumulative": 56.69057
      },
      {
        "side": "sell",
        "layer": 667,
        "price": 63018.67,
        "qty": 4.76508,
        "cumulative": 61.45565
      },
      {
        "side": "sell",
        "layer": 902,
        "price": 63065.49,
        "qty": 6.25961,
        "cumulative": 42.39223
      }
    ]
  },
  "updatedAt": 1783337040433
}