{
  "symbol": "btcusdt",
  "timeframe": "1m",
  "candle": {
    "startTime": 1783336920000,
    "open": 62865.6,
    "high": 62865.61,
    "low": 62838,
    "close": 62865.28,
    "volume": 1942,
    "direction": "down",
    "volatility": 27.610000000000582,
    "totalVolume": 1942
  },
  "trades": {
    "count": 87155,
    "buyVolume": 203.90225999996542,
    "sellVolume": 204.94719999996332,
    "bigTrades": [
      {
        "price": 62859.14,
        "qty": 1.0194,
        "side": "sell",
        "value": 64078.607316,
        "time": 1783333103521
      },
      {
        "price": 62859.14,
        "qty": 0.98503,
        "side": "sell",
        "value": 61918.138674199996,
        "time": 1783333103792
      },
      {
        "price": 62856,
        "qty": 1.0194,
        "side": "buy",
        "value": 64075.40640000001,
        "time": 1783333143863
      },
      {
        "price": 62837.83,
        "qty": 1.01947,
        "side": "buy",
        "value": 64061.28255010001,
        "time": 1783333252137
      },
      {
        "price": 62876.57,
        "qty": 1.22566,
        "side": "buy",
        "value": 77065.2967862,
        "time": 1783333781160
      },
      {
        "price": 62876.57,
        "qty": 1.18937,
        "side": "buy",
        "value": 74783.5060609,
        "time": 1783333781161
      },
      {
        "price": 62883.53,
        "qty": 1.43429,
        "side": "buy",
        "value": 90193.2182437,
        "time": 1783333781194
      },
      {
        "price": 62883.54,
        "qty": 2.0898,
        "side": "buy",
        "value": 131414.021892,
        "time": 1783333781194
      },
      {
        "price": 62876,
        "qty": 0.96248,
        "side": "sell",
        "value": 60516.89248,
        "time": 1783333894957
      },
      {
        "price": 62882.02,
        "qty": 0.82074,
        "side": "buy",
        "value": 51609.7890948,
        "time": 1783333943400
      },
      {
        "price": 62979.04,
        "qty": 0.95754,
        "side": "sell",
        "value": 60304.949961599996,
        "time": 1783334049589
      },
      {
        "price": 62959.26,
        "qty": 0.80457,
        "side": "sell",
        "value": 50655.1318182,
        "time": 1783334302077
      },
      {
        "price": 62959.26,
        "qty": 1.8,
        "side": "sell",
        "value": 113326.668,
        "time": 1783334302077
      },
      {
        "price": 62959.26,
        "qty": 0.85232,
        "side": "sell",
        "value": 53661.4364832,
        "time": 1783334302078
      },
      {
        "price": 63025,
        "qty": 0.8507,
        "side": "sell",
        "value": 53615.3675,
        "time": 1783334389856
      },
      {
        "price": 63000,
        "qty": 1.01318,
        "side": "sell",
        "value": 63830.34,
        "time": 1783334434959
      },
      {
        "price": 62918.49,
        "qty": 1.0409,
        "side": "buy",
        "value": 65491.856240999994,
        "time": 1783334802646
      },
      {
        "price": 62894,
        "qty": 0.966,
        "side": "sell",
        "value": 60755.604,
        "time": 1783334929433
      },
      {
        "price": 62871.46,
        "qty": 4.21317,
        "side": "sell",
        "value": 264888.14912819996,
        "time": 1783334970246
      },
      {
        "price": 62827.8,
        "qty": 0.9888,
        "side": "buy",
        "value": 62124.12864,
        "time": 1783335003475
      },
      {
        "price": 62827.8,
        "qty": 3.18352,
        "side": "buy",
        "value": 200013.55785600003,
        "time": 1783335003477
      },
      {
        "price": 62833.43,
        "qty": 0.99935,
        "side": "buy",
        "value": 62792.5882705,
        "time": 1783335197280
      },
      {
        "price": 62840.01,
        "qty": 0.8167,
        "side": "buy",
        "value": 51321.436167,
        "time": 1783335224033
      },
      {
        "price": 62820,
        "qty": 3.18369,
        "side": "buy",
        "value": 199999.4058,
        "time": 1783335565420
      },
      {
        "price": 62871.03,
        "qty": 1.36622,
        "side": "sell",
        "value": 85895.6586066,
        "time": 1783335908214
      },
      {
        "price": 62870.71,
        "qty": 0.86668,
        "side": "sell",
        "value": 54488.7869428,
        "time": 1783335926908
      },
      {
        "price": 62870.71,
        "qty": 4.77182,
        "side": "sell",
        "value": 300007.71139219997,
        "time": 1783335928709
      },
      {
        "price": 62864.76,
        "qty": 0.91128,
        "side": "sell",
        "value": 57287.3984928,
        "time": 1783335983408
      },
      {
        "price": 62850.01,
        "qty": 0.84409,
        "side": "buy",
        "value": 53051.0649409,
        "time": 1783335991595
      },
      {
        "price": 62819.85,
        "qty": 0.87148,
        "side": "sell",
        "value": 54746.242878,
        "time": 1783336539602
      },
      {
        "price": 62819.85,
        "qty": 1.1893,
        "side": "sell",
        "value": 74711.647605,
        "time": 1783336539603
      },
      {
        "price": 62807.68,
        "qty": 0.83728,
        "side": "sell",
        "value": 52587.6143104,
        "time": 1783336572523
      },
      {
        "price": 62800,
        "qty": 1.13713,
        "side": "buy",
        "value": 71411.764,
        "time": 1783336689607
      },
      {
        "price": 62819.85,
        "qty": 1.18931,
        "side": "buy",
        "value": 74712.2758035,
        "time": 1783336751623
      },
      {
        "price": 62835.04,
        "qty": 1.20917,
        "side": "buy",
        "value": 75978.2453168,
        "time": 1783336781936
      },
      {
        "price": 62835.05,
        "qty": 3.18369,
        "side": "buy",
        "value": 200047.3203345,
        "time": 1783336781937
      },
      {
        "price": 62838.85,
        "qty": 1.29174,
        "side": "buy",
        "value": 81171.456099,
        "time": 1783336781941
      }
    ]
  },
  "depthImportant": {
    "buys": [
      {
        "side": "buy",
        "layer": 1,
        "price": 62865.28,
        "qty": 5.55713,
        "cumulative": 5.55713
      },
      {
        "side": "buy",
        "layer": 29,
        "price": 62859.81,
        "qty": 0.47671,
        "cumulative": 11.13506
      },
      {
        "side": "buy",
        "layer": 34,
        "price": 62858.81,
        "qty": 0.60211,
        "cumulative": 10.658349999999999
      },
      {
        "side": "buy",
        "layer": 36,
        "price": 62858.72,
        "qty": 1.31763,
        "cumulative": 10.056239999999999
      },
      {
        "side": "buy",
        "layer": 40,
        "price": 62858.26,
        "qty": 3.18148,
        "cumulative": 8.73861
      },
      {
        "side": "buy",
        "layer": 61,
        "price": 62854.73,
        "qty": 0.47671,
        "cumulative": 20.43169
      },
      {
        "side": "buy",
        "layer": 62,
        "price": 62854.72,
        "qty": 1.34154,
        "cumulative": 18.84078
      },
      {
        "side": "buy",
        "layer": 66,
        "price": 62854.3,
        "qty": 3.1814,
        "cumulative": 17.49924
      },
      {
        "side": "buy",
        "layer": 91,
        "price": 62851.46,
        "qty": 1.1142,
        "cumulative": 19.95498
      },
      {
        "side": "buy",
        "layer": 95,
        "price": 62850.44,
        "qty": 3.18278,
        "cumulative": 14.31784
      },
      {
        "side": "buy",
        "layer": 121,
        "price": 62846.01,
        "qty": 1.2378,
        "cumulative": 30.47862
      },
      {
        "side": "buy",
        "layer": 122,
        "price": 62846,
        "qty": 3.68349,
        "cumulative": 24.11518
      },
      {
        "side": "buy",
        "layer": 151,
        "price": 62840.01,
        "qty": 1.71786,
        "cumulative": 29.24082
      },
      {
        "side": "buy",
        "layer": 155,
        "price": 62839.78,
        "qty": 3.40778,
        "cumulative": 27.522959999999998
      },
      {
        "side": "buy",
        "layer": 189,
        "price": 62833.75,
        "qty": 1.22289,
        "cumulative": 31.70151
      },
      {
        "side": "buy",
        "layer": 204,
        "price": 62831.72,
        "qty": 3.65949,
        "cumulative": 48.32975
      },
      {
        "side": "buy",
        "layer": 234,
        "price": 62827.65,
        "qty": 3.18278,
        "cumulative": 51.51253
      },
      {
        "side": "buy",
        "layer": 261,
        "price": 62823.13,
        "qty": 4.13569,
        "cumulative": 40.62043
      },
      {
        "side": "buy",
        "layer": 444,
        "price": 62787.82,
        "qty": 4.04983,
        "cumulative": 44.67026
      },
      {
        "side": "buy",
        "layer": 478,
        "price": 62780.94,
        "qty": 4.78323,
        "cumulative": 36.48474
      },
      {
        "side": "buy",
        "layer": 596,
        "price": 62758.15,
        "qty": 4.78491,
        "cumulative": 77.07578
      },
      {
        "side": "buy",
        "layer": 737,
        "price": 62735.43,
        "qty": 4.78664,
        "cumulative": 72.29087
      },
      {
        "side": "buy",
        "layer": 858,
        "price": 62712.35,
        "qty": 4.78841,
        "cumulative": 67.50422999999999
      },
      {
        "side": "buy",
        "layer": 859,
        "price": 62712.13,
        "qty": 6.41343,
        "cumulative": 57.925959999999996
      },
      {
        "side": "buy",
        "layer": 952,
        "price": 62692.64,
        "qty": 4.78986,
        "cumulative": 62.715819999999994
      }
    ],
    "sells": [
      {
        "side": "sell",
        "layer": 1,
        "price": 62865.29,
        "qty": 1.77607,
        "cumulative": 1.77607
      },
      {
        "side": "sell",
        "layer": 6,
        "price": 62865.57,
        "qty": 0.08265,
        "cumulative": 2.53864
      },
      {
        "side": "sell",
        "layer": 36,
        "price": 62869.99,
        "qty": 0.12079,
        "cumulative": 2.45599
      },
      {
        "side": "sell",
        "layer": 45,
        "price": 62871.58,
        "qty": 0.229,
        "cumulative": 2.3352
      },
      {
        "side": "sell",
        "layer": 49,
        "price": 62872.3,
        "qty": 0.33013,
        "cumulative": 2.1062
      },
      {
        "side": "sell",
        "layer": 74,
        "price": 62875.34,
        "qty": 0.57311,
        "cumulative": 3.11175
      },
      {
        "side": "sell",
        "layer": 76,
        "price": 62875.63,
        "qty": 0.48857,
        "cumulative": 3.60032
      },
      {
        "side": "sell",
        "layer": 77,
        "price": 62875.64,
        "qty": 0.47671,
        "cumulative": 4.07703
      },
      {
        "side": "sell",
        "layer": 78,
        "price": 62875.67,
        "qty": 0.4762,
        "cumulative": 4.55323
      },
      {
        "side": "sell",
        "layer": 91,
        "price": 62877.28,
        "qty": 0.22952,
        "cumulative": 4.78275
      },
      {
        "side": "sell",
        "layer": 131,
        "price": 62881.75,
        "qty": 1.81423,
        "cumulative": 13.43925
      },
      {
        "side": "sell",
        "layer": 146,
        "price": 62884.7,
        "qty": 3.65949,
        "cumulative": 8.44224
      },
      {
        "side": "sell",
        "layer": 166,
        "price": 62888.09,
        "qty": 1.46257,
        "cumulative": 16.47748
      },
      {
        "side": "sell",
        "layer": 180,
        "price": 62889.62,
        "qty": 3.18278,
        "cumulative": 11.62502
      },
      {
        "side": "sell",
        "layer": 194,
        "price": 62891.32,
        "qty": 1.57566,
        "cumulative": 15.01491
      },
      {
        "side": "sell",
        "layer": 296,
        "price": 62907.69,
        "qty": 4.77349,
        "cumulative": 21.25097
      },
      {
        "side": "sell",
        "layer": 333,
        "price": 62915.3,
        "qty": 4.01298,
        "cumulative": 34.8059
      },
      {
        "side": "sell",
        "layer": 402,
        "price": 62928.11,
        "qty": 3.7643,
        "cumulative": 38.5702
      },
      {
        "side": "sell",
        "layer": 431,
        "price": 62934.17,
        "qty": 4.77153,
        "cumulative": 26.0225
      },
      {
        "side": "sell",
        "layer": 499,
        "price": 62949.86,
        "qty": 4.77042,
        "cumulative": 30.792920000000002
      },
      {
        "side": "sell",
        "layer": 554,
        "price": 62961.49,
        "qty": 4.76941,
        "cumulative": 54.40216
      },
      {
        "side": "sell",
        "layer": 578,
        "price": 62966.48,
        "qty": 4.76903,
        "cumulative": 59.17119
      },
      {
        "side": "sell",
        "layer": 592,
        "price": 62970,
        "qty": 4.80294,
        "cumulative": 49.63275
      },
      {
        "side": "sell",
        "layer": 624,
        "price": 62979.36,
        "qty": 4.76811,
        "cumulative": 63.9393
      },
      {
        "side": "sell",
        "layer": 789,
        "price": 63022.59,
        "qty": 6.25961,
        "cumulative": 44.82981
      }
    ]
  },
  "updatedAt": 1783336980893
}