{
  "symbol": "btcusdt",
  "timeframe": "1m",
  "candle": {
    "startTime": 1783334580000,
    "open": 62918,
    "high": 62918.01,
    "low": 62904,
    "close": 62904,
    "volume": 887,
    "direction": "down",
    "volatility": 14.010000000002037,
    "totalVolume": 887
  },
  "trades": {
    "count": 42155,
    "buyVolume": 87.46290999998804,
    "sellVolume": 113.70532999998731,
    "bigTrades": [
      {
        "price": 62859.14,
        "qty": 1.0194,
        "side": "sell",
        "value": 64078.607316,
        "time": 1783333103521
      },
      {
        "price": 62859.14,
        "qty": 0.98503,
        "side": "sell",
        "value": 61918.138674199996,
        "time": 1783333103792
      },
      {
        "price": 62856,
        "qty": 1.0194,
        "side": "buy",
        "value": 64075.40640000001,
        "time": 1783333143863
      },
      {
        "price": 62837.83,
        "qty": 1.01947,
        "side": "buy",
        "value": 64061.28255010001,
        "time": 1783333252137
      },
      {
        "price": 62876.57,
        "qty": 1.22566,
        "side": "buy",
        "value": 77065.2967862,
        "time": 1783333781160
      },
      {
        "price": 62876.57,
        "qty": 1.18937,
        "side": "buy",
        "value": 74783.5060609,
        "time": 1783333781161
      },
      {
        "price": 62883.53,
        "qty": 1.43429,
        "side": "buy",
        "value": 90193.2182437,
        "time": 1783333781194
      },
      {
        "price": 62883.54,
        "qty": 2.0898,
        "side": "buy",
        "value": 131414.021892,
        "time": 1783333781194
      },
      {
        "price": 62876,
        "qty": 0.96248,
        "side": "sell",
        "value": 60516.89248,
        "time": 1783333894957
      },
      {
        "price": 62882.02,
        "qty": 0.82074,
        "side": "buy",
        "value": 51609.7890948,
        "time": 1783333943400
      },
      {
        "price": 62979.04,
        "qty": 0.95754,
        "side": "sell",
        "value": 60304.949961599996,
        "time": 1783334049589
      },
      {
        "price": 62959.26,
        "qty": 0.80457,
        "side": "sell",
        "value": 50655.1318182,
        "time": 1783334302077
      },
      {
        "price": 62959.26,
        "qty": 1.8,
        "side": "sell",
        "value": 113326.668,
        "time": 1783334302077
      },
      {
        "price": 62959.26,
        "qty": 0.85232,
        "side": "sell",
        "value": 53661.4364832,
        "time": 1783334302078
      },
      {
        "price": 63025,
        "qty": 0.8507,
        "side": "sell",
        "value": 53615.3675,
        "time": 1783334389856
      },
      {
        "price": 63000,
        "qty": 1.01318,
        "side": "sell",
        "value": 63830.34,
        "time": 1783334434959
      }
    ]
  },
  "depthImportant": {
    "buys": [
      {
        "side": "buy",
        "layer": 1,
        "price": 62904,
        "qty": 0.8272,
        "cumulative": 0.8272
      },
      {
        "side": "buy",
        "layer": 14,
        "price": 62902.59,
        "qty": 0.52514,
        "cumulative": 1.35234
      },
      {
        "side": "buy",
        "layer": 26,
        "price": 62900,
        "qty": 0.14021,
        "cumulative": 1.7175500000000001
      },
      {
        "side": "buy",
        "layer": 37,
        "price": 62897.71,
        "qty": 0.08668,
        "cumulative": 1.8042300000000002
      },
      {
        "side": "buy",
        "layer": 38,
        "price": 62897.7,
        "qty": 0.225,
        "cumulative": 1.5773400000000002
      },
      {
        "side": "buy",
        "layer": 54,
        "price": 62894.74,
        "qty": 0.12402,
        "cumulative": 3.2008300000000003
      },
      {
        "side": "buy",
        "layer": 74,
        "price": 62892.79,
        "qty": 0.15,
        "cumulative": 3.0768100000000005
      },
      {
        "side": "buy",
        "layer": 76,
        "price": 62892.4,
        "qty": 0.43061,
        "cumulative": 2.7115500000000003
      },
      {
        "side": "buy",
        "layer": 78,
        "price": 62892.38,
        "qty": 0.21526,
        "cumulative": 2.9268100000000006
      },
      {
        "side": "buy",
        "layer": 79,
        "price": 62892.35,
        "qty": 0.47671,
        "cumulative": 2.28094
      },
      {
        "side": "buy",
        "layer": 120,
        "price": 62888.34,
        "qty": 3.17944,
        "cumulative": 10.03632
      },
      {
        "side": "buy",
        "layer": 160,
        "price": 62883.26,
        "qty": 1.25343,
        "cumulative": 11.28975
      },
      {
        "side": "buy",
        "layer": 171,
        "price": 62881.75,
        "qty": 0.57307,
        "cumulative": 12.45406
      },
      {
        "side": "buy",
        "layer": 177,
        "price": 62880.56,
        "qty": 3.65605,
        "cumulative": 6.85688
      },
      {
        "side": "buy",
        "layer": 179,
        "price": 62880.25,
        "qty": 0.59124,
        "cumulative": 11.88099
      },
      {
        "side": "buy",
        "layer": 234,
        "price": 62871.97,
        "qty": 3.65554,
        "cumulative": 28.76485
      },
      {
        "side": "buy",
        "layer": 239,
        "price": 62871.46,
        "qty": 5,
        "cumulative": 17.45406
      },
      {
        "side": "buy",
        "layer": 335,
        "price": 62857.57,
        "qty": 3.17934,
        "cumulative": 31.94419
      },
      {
        "side": "buy",
        "layer": 400,
        "price": 62847.79,
        "qty": 3.65605,
        "cumulative": 25.10931
      },
      {
        "side": "buy",
        "layer": 442,
        "price": 62839.02,
        "qty": 3.9992,
        "cumulative": 21.45326
      },
      {
        "side": "buy",
        "layer": 675,
        "price": 62788.21,
        "qty": 4.78277,
        "cumulative": 57.71957999999999
      },
      {
        "side": "buy",
        "layer": 756,
        "price": 62763.68,
        "qty": 6.63463,
        "cumulative": 38.57882
      },
      {
        "side": "buy",
        "layer": 781,
        "price": 62756.59,
        "qty": 4.78518,
        "cumulative": 52.936809999999994
      },
      {
        "side": "buy",
        "layer": 783,
        "price": 62756.26,
        "qty": 4.7852,
        "cumulative": 48.15163
      },
      {
        "side": "buy",
        "layer": 899,
        "price": 62724.72,
        "qty": 4.78761,
        "cumulative": 43.36643
      }
    ],
    "sells": [
      {
        "side": "sell",
        "layer": 1,
        "price": 62904.01,
        "qty": 3.38807,
        "cumulative": 3.38807
      },
      {
        "side": "sell",
        "layer": 6,
        "price": 62904.91,
        "qty": 1.10003,
        "cumulative": 7.66752
      },
      {
        "side": "sell",
        "layer": 27,
        "price": 62907.97,
        "qty": 0.52163,
        "cumulative": 9.15846
      },
      {
        "side": "sell",
        "layer": 32,
        "price": 62909.15,
        "qty": 0.96931,
        "cumulative": 8.63683
      },
      {
        "side": "sell",
        "layer": 34,
        "price": 62909.87,
        "qty": 3.17942,
        "cumulative": 6.567489999999999
      },
      {
        "side": "sell",
        "layer": 61,
        "price": 62913.1,
        "qty": 0.4552,
        "cumulative": 15.86115
      },
      {
        "side": "sell",
        "layer": 62,
        "price": 62913.11,
        "qty": 1.22109,
        "cumulative": 14.90024
      },
      {
        "side": "sell",
        "layer": 64,
        "price": 62913.68,
        "qty": 3.17924,
        "cumulative": 12.3377
      },
      {
        "side": "sell",
        "layer": 77,
        "price": 62915.38,
        "qty": 1.34145,
        "cumulative": 13.67915
      },
      {
        "side": "sell",
        "layer": 78,
        "price": 62915.39,
        "qty": 0.50571,
        "cumulative": 15.40595
      },
      {
        "side": "sell",
        "layer": 101,
        "price": 62918.03,
        "qty": 3.17924,
        "cumulative": 22.69634
      },
      {
        "side": "sell",
        "layer": 125,
        "price": 62921.84,
        "qty": 3.65595,
        "cumulative": 19.5171
      },
      {
        "side": "sell",
        "layer": 137,
        "price": 62923.62,
        "qty": 1.60195,
        "cumulative": 29.127609999999997
      },
      {
        "side": "sell",
        "layer": 150,
        "price": 62925.61,
        "qty": 1.65008,
        "cumulative": 27.52566
      },
      {
        "side": "sell",
        "layer": 151,
        "price": 62925.62,
        "qty": 3.17924,
        "cumulative": 25.87558
      },
      {
        "side": "sell",
        "layer": 216,
        "price": 62934.33,
        "qty": 3.51778,
        "cumulative": 45.16297
      },
      {
        "side": "sell",
        "layer": 381,
        "price": 62965.47,
        "qty": 3.26304,
        "cumulative": 48.426010000000005
      },
      {
        "side": "sell",
        "layer": 386,
        "price": 62966.04,
        "qty": 3.76203,
        "cumulative": 41.64519
      },
      {
        "side": "sell",
        "layer": 390,
        "price": 62966.67,
        "qty": 3.9877,
        "cumulative": 37.88316
      },
      {
        "side": "sell",
        "layer": 477,
        "price": 62984.66,
        "qty": 4.76785,
        "cumulative": 33.89546
      },
      {
        "side": "sell",
        "layer": 661,
        "price": 63026.25,
        "qty": 4.7647,
        "cumulative": 53.19071
      },
      {
        "side": "sell",
        "layer": 698,
        "price": 63032.68,
        "qty": 4.76422,
        "cumulative": 57.954930000000004
      },
      {
        "side": "sell",
        "layer": 874,
        "price": 63066.78,
        "qty": 4.76164,
        "cumulative": 62.716570000000004
      },
      {
        "side": "sell",
        "layer": 903,
        "price": 63074.29,
        "qty": 4.68952,
        "cumulative": 72.16479000000001
      },
      {
        "side": "sell",
        "layer": 988,
        "price": 63105.79,
        "qty": 4.7587,
        "cumulative": 67.47527000000001
      }
    ]
  },
  "updatedAt": 1783334640994
}