{
  "symbol": "btcusdt",
  "timeframe": "1m",
  "candle": {
    "startTime": 1783337820000,
    "open": 62942.01,
    "high": 62958,
    "low": 62939.98,
    "close": 62939.98,
    "volume": 1325,
    "direction": "down",
    "volatility": 18.0199999999968,
    "totalVolume": 1325
  },
  "trades": {
    "count": 103747,
    "buyVolume": 241.06070999995697,
    "sellVolume": 222.5742799999564,
    "bigTrades": [
      {
        "price": 62859.14,
        "qty": 1.0194,
        "side": "sell",
        "value": 64078.607316,
        "time": 1783333103521
      },
      {
        "price": 62859.14,
        "qty": 0.98503,
        "side": "sell",
        "value": 61918.138674199996,
        "time": 1783333103792
      },
      {
        "price": 62856,
        "qty": 1.0194,
        "side": "buy",
        "value": 64075.40640000001,
        "time": 1783333143863
      },
      {
        "price": 62837.83,
        "qty": 1.01947,
        "side": "buy",
        "value": 64061.28255010001,
        "time": 1783333252137
      },
      {
        "price": 62876.57,
        "qty": 1.22566,
        "side": "buy",
        "value": 77065.2967862,
        "time": 1783333781160
      },
      {
        "price": 62876.57,
        "qty": 1.18937,
        "side": "buy",
        "value": 74783.5060609,
        "time": 1783333781161
      },
      {
        "price": 62883.53,
        "qty": 1.43429,
        "side": "buy",
        "value": 90193.2182437,
        "time": 1783333781194
      },
      {
        "price": 62883.54,
        "qty": 2.0898,
        "side": "buy",
        "value": 131414.021892,
        "time": 1783333781194
      },
      {
        "price": 62876,
        "qty": 0.96248,
        "side": "sell",
        "value": 60516.89248,
        "time": 1783333894957
      },
      {
        "price": 62882.02,
        "qty": 0.82074,
        "side": "buy",
        "value": 51609.7890948,
        "time": 1783333943400
      },
      {
        "price": 62979.04,
        "qty": 0.95754,
        "side": "sell",
        "value": 60304.949961599996,
        "time": 1783334049589
      },
      {
        "price": 62959.26,
        "qty": 0.80457,
        "side": "sell",
        "value": 50655.1318182,
        "time": 1783334302077
      },
      {
        "price": 62959.26,
        "qty": 1.8,
        "side": "sell",
        "value": 113326.668,
        "time": 1783334302077
      },
      {
        "price": 62959.26,
        "qty": 0.85232,
        "side": "sell",
        "value": 53661.4364832,
        "time": 1783334302078
      },
      {
        "price": 63025,
        "qty": 0.8507,
        "side": "sell",
        "value": 53615.3675,
        "time": 1783334389856
      },
      {
        "price": 63000,
        "qty": 1.01318,
        "side": "sell",
        "value": 63830.34,
        "time": 1783334434959
      },
      {
        "price": 62918.49,
        "qty": 1.0409,
        "side": "buy",
        "value": 65491.856240999994,
        "time": 1783334802646
      },
      {
        "price": 62894,
        "qty": 0.966,
        "side": "sell",
        "value": 60755.604,
        "time": 1783334929433
      },
      {
        "price": 62871.46,
        "qty": 4.21317,
        "side": "sell",
        "value": 264888.14912819996,
        "time": 1783334970246
      },
      {
        "price": 62827.8,
        "qty": 0.9888,
        "side": "buy",
        "value": 62124.12864,
        "time": 1783335003475
      },
      {
        "price": 62827.8,
        "qty": 3.18352,
        "side": "buy",
        "value": 200013.55785600003,
        "time": 1783335003477
      },
      {
        "price": 62833.43,
        "qty": 0.99935,
        "side": "buy",
        "value": 62792.5882705,
        "time": 1783335197280
      },
      {
        "price": 62840.01,
        "qty": 0.8167,
        "side": "buy",
        "value": 51321.436167,
        "time": 1783335224033
      },
      {
        "price": 62820,
        "qty": 3.18369,
        "side": "buy",
        "value": 199999.4058,
        "time": 1783335565420
      },
      {
        "price": 62871.03,
        "qty": 1.36622,
        "side": "sell",
        "value": 85895.6586066,
        "time": 1783335908214
      },
      {
        "price": 62870.71,
        "qty": 0.86668,
        "side": "sell",
        "value": 54488.7869428,
        "time": 1783335926908
      },
      {
        "price": 62870.71,
        "qty": 4.77182,
        "side": "sell",
        "value": 300007.71139219997,
        "time": 1783335928709
      },
      {
        "price": 62864.76,
        "qty": 0.91128,
        "side": "sell",
        "value": 57287.3984928,
        "time": 1783335983408
      },
      {
        "price": 62850.01,
        "qty": 0.84409,
        "side": "buy",
        "value": 53051.0649409,
        "time": 1783335991595
      },
      {
        "price": 62819.85,
        "qty": 0.87148,
        "side": "sell",
        "value": 54746.242878,
        "time": 1783336539602
      },
      {
        "price": 62819.85,
        "qty": 1.1893,
        "side": "sell",
        "value": 74711.647605,
        "time": 1783336539603
      },
      {
        "price": 62807.68,
        "qty": 0.83728,
        "side": "sell",
        "value": 52587.6143104,
        "time": 1783336572523
      },
      {
        "price": 62800,
        "qty": 1.13713,
        "side": "buy",
        "value": 71411.764,
        "time": 1783336689607
      },
      {
        "price": 62819.85,
        "qty": 1.18931,
        "side": "buy",
        "value": 74712.2758035,
        "time": 1783336751623
      },
      {
        "price": 62835.04,
        "qty": 1.20917,
        "side": "buy",
        "value": 75978.2453168,
        "time": 1783336781936
      },
      {
        "price": 62835.05,
        "qty": 3.18369,
        "side": "buy",
        "value": 200047.3203345,
        "time": 1783336781937
      },
      {
        "price": 62838.85,
        "qty": 1.29174,
        "side": "buy",
        "value": 81171.456099,
        "time": 1783336781941
      },
      {
        "price": 62976.01,
        "qty": 1.01189,
        "side": "buy",
        "value": 63724.794758899996,
        "time": 1783337629736
      }
    ]
  },
  "depthImportant": {
    "buys": [
      {
        "side": "buy",
        "layer": 1,
        "price": 62938.08,
        "qty": 1.36136,
        "cumulative": 1.36136
      },
      {
        "side": "buy",
        "layer": 30,
        "price": 62933.79,
        "qty": 0.0893,
        "cumulative": 1.7680299999999998
      },
      {
        "side": "buy",
        "layer": 36,
        "price": 62933.1,
        "qty": 0.0893,
        "cumulative": 1.8573299999999997
      },
      {
        "side": "buy",
        "layer": 44,
        "price": 62931.87,
        "qty": 0.08936,
        "cumulative": 1.6787299999999998
      },
      {
        "side": "buy",
        "layer": 49,
        "price": 62931.54,
        "qty": 0.22801,
        "cumulative": 1.58937
      },
      {
        "side": "buy",
        "layer": 65,
        "price": 62929.69,
        "qty": 0.225,
        "cumulative": 6.96635
      },
      {
        "side": "buy",
        "layer": 67,
        "price": 62929.15,
        "qty": 0.14274,
        "cumulative": 7.10909
      },
      {
        "side": "buy",
        "layer": 85,
        "price": 62928.21,
        "qty": 1.10994,
        "cumulative": 6.14489
      },
      {
        "side": "buy",
        "layer": 94,
        "price": 62926.62,
        "qty": 0.59646,
        "cumulative": 6.741350000000001
      },
      {
        "side": "buy",
        "layer": 95,
        "price": 62926.61,
        "qty": 3.17762,
        "cumulative": 5.03495
      },
      {
        "side": "buy",
        "layer": 135,
        "price": 62922.23,
        "qty": 1.14994,
        "cumulative": 15.984359999999999
      },
      {
        "side": "buy",
        "layer": 136,
        "price": 62922.22,
        "qty": 3.17741,
        "cumulative": 10.2865
      },
      {
        "side": "buy",
        "layer": 161,
        "price": 62918.23,
        "qty": 1.3712,
        "cumulative": 14.83442
      },
      {
        "side": "buy",
        "layer": 170,
        "price": 62917.07,
        "qty": 3.17672,
        "cumulative": 13.46322
      },
      {
        "side": "buy",
        "layer": 199,
        "price": 62912.96,
        "qty": 0.74903,
        "cumulative": 16.73339
      },
      {
        "side": "buy",
        "layer": 370,
        "price": 62885.22,
        "qty": 3.17698,
        "cumulative": 30.846899999999998
      },
      {
        "side": "buy",
        "layer": 419,
        "price": 62877.24,
        "qty": 3.17698,
        "cumulative": 34.02388
      },
      {
        "side": "buy",
        "layer": 453,
        "price": 62871.16,
        "qty": 3.17722,
        "cumulative": 27.669919999999998
      },
      {
        "side": "buy",
        "layer": 471,
        "price": 62867.11,
        "qty": 3.76795,
        "cumulative": 24.4927
      },
      {
        "side": "buy",
        "layer": 473,
        "price": 62866.94,
        "qty": 3.99136,
        "cumulative": 20.72475
      },
      {
        "side": "buy",
        "layer": 712,
        "price": 62808.57,
        "qty": 4.78107,
        "cumulative": 59.56915999999999
      },
      {
        "side": "buy",
        "layer": 747,
        "price": 62796.96,
        "qty": 6.41267,
        "cumulative": 40.43655
      },
      {
        "side": "buy",
        "layer": 762,
        "price": 62791.56,
        "qty": 4.78236,
        "cumulative": 54.78808999999999
      },
      {
        "side": "buy",
        "layer": 786,
        "price": 62783.41,
        "qty": 4.78299,
        "cumulative": 50.00572999999999
      },
      {
        "side": "buy",
        "layer": 918,
        "price": 62741.4,
        "qty": 4.78619,
        "cumulative": 45.222739999999995
      }
    ],
    "sells": [
      {
        "side": "sell",
        "layer": 1,
        "price": 62938.09,
        "qty": 5.41702,
        "cumulative": 5.41702
      },
      {
        "side": "sell",
        "layer": 15,
        "price": 62941.43,
        "qty": 1.6694,
        "cumulative": 10.26404
      },
      {
        "side": "sell",
        "layer": 17,
        "price": 62941.99,
        "qty": 3.17762,
        "cumulative": 8.59464
      },
      {
        "side": "sell",
        "layer": 26,
        "price": 62943.09,
        "qty": 0.59586,
        "cumulative": 12.28049
      },
      {
        "side": "sell",
        "layer": 50,
        "price": 62945.97,
        "qty": 1.42059,
        "cumulative": 11.68463
      },
      {
        "side": "sell",
        "layer": 51,
        "price": 62945.98,
        "qty": 3.17741,
        "cumulative": 15.4579
      },
      {
        "side": "sell",
        "layer": 55,
        "price": 62946.24,
        "qty": 0.71128,
        "cumulative": 21.40606
      },
      {
        "side": "sell",
        "layer": 78,
        "price": 62949.95,
        "qty": 0.79523,
        "cumulative": 20.69478
      },
      {
        "side": "sell",
        "layer": 79,
        "price": 62949.96,
        "qty": 1.26443,
        "cumulative": 19.89955
      },
      {
        "side": "sell",
        "layer": 80,
        "price": 62949.97,
        "qty": 3.17722,
        "cumulative": 18.63512
      },
      {
        "side": "sell",
        "layer": 122,
        "price": 62955.21,
        "qty": 3.17712,
        "cumulative": 24.58318
      },
      {
        "side": "sell",
        "layer": 157,
        "price": 62960.61,
        "qty": 1.28159,
        "cumulative": 33.81935
      },
      {
        "side": "sell",
        "layer": 158,
        "price": 62960.62,
        "qty": 3.17698,
        "cumulative": 27.76016
      },
      {
        "side": "sell",
        "layer": 196,
        "price": 62965.58,
        "qty": 3.17672,
        "cumulative": 30.93688
      },
      {
        "side": "sell",
        "layer": 197,
        "price": 62965.69,
        "qty": 1.60088,
        "cumulative": 32.53776
      },
      {
        "side": "sell",
        "layer": 230,
        "price": 62970.66,
        "qty": 3.17672,
        "cumulative": 50.28721000000001
      },
      {
        "side": "sell",
        "layer": 250,
        "price": 62974.64,
        "qty": 3.17684,
        "cumulative": 47.110490000000006
      },
      {
        "side": "sell",
        "layer": 274,
        "price": 62978.98,
        "qty": 3.17712,
        "cumulative": 40.756530000000005
      },
      {
        "side": "sell",
        "layer": 308,
        "price": 62983.92,
        "qty": 3.17712,
        "cumulative": 43.93365000000001
      },
      {
        "side": "sell",
        "layer": 380,
        "price": 62999.17,
        "qty": 3.76006,
        "cumulative": 37.57941
      },
      {
        "side": "sell",
        "layer": 568,
        "price": 63030.95,
        "qty": 4.7642,
        "cumulative": 61.715370000000014
      },
      {
        "side": "sell",
        "layer": 783,
        "price": 63064.02,
        "qty": 4.7617,
        "cumulative": 66.47707000000001
      },
      {
        "side": "sell",
        "layer": 866,
        "price": 63080.64,
        "qty": 4.76045,
        "cumulative": 71.23752000000002
      },
      {
        "side": "sell",
        "layer": 968,
        "price": 63107.26,
        "qty": 6.66396,
        "cumulative": 56.95117000000001
      },
      {
        "side": "sell",
        "layer": 983,
        "price": 63113.29,
        "qty": 4.75799,
        "cumulative": 75.99551000000002
      }
    ]
  },
  "updatedAt": 1783337880484
}