{
  "symbol": "btcusdt",
  "timeframe": "1m",
  "candle": {
    "startTime": 1783334520000,
    "open": 62925.66,
    "high": 62937.22,
    "low": 62918,
    "close": 62918,
    "volume": 1222,
    "direction": "down",
    "volatility": 19.220000000001164,
    "totalVolume": 1222
  },
  "trades": {
    "count": 40977,
    "buyVolume": 85.14256999998842,
    "sellVolume": 110.19327999998798,
    "bigTrades": [
      {
        "price": 62859.14,
        "qty": 1.0194,
        "side": "sell",
        "value": 64078.607316,
        "time": 1783333103521
      },
      {
        "price": 62859.14,
        "qty": 0.98503,
        "side": "sell",
        "value": 61918.138674199996,
        "time": 1783333103792
      },
      {
        "price": 62856,
        "qty": 1.0194,
        "side": "buy",
        "value": 64075.40640000001,
        "time": 1783333143863
      },
      {
        "price": 62837.83,
        "qty": 1.01947,
        "side": "buy",
        "value": 64061.28255010001,
        "time": 1783333252137
      },
      {
        "price": 62876.57,
        "qty": 1.22566,
        "side": "buy",
        "value": 77065.2967862,
        "time": 1783333781160
      },
      {
        "price": 62876.57,
        "qty": 1.18937,
        "side": "buy",
        "value": 74783.5060609,
        "time": 1783333781161
      },
      {
        "price": 62883.53,
        "qty": 1.43429,
        "side": "buy",
        "value": 90193.2182437,
        "time": 1783333781194
      },
      {
        "price": 62883.54,
        "qty": 2.0898,
        "side": "buy",
        "value": 131414.021892,
        "time": 1783333781194
      },
      {
        "price": 62876,
        "qty": 0.96248,
        "side": "sell",
        "value": 60516.89248,
        "time": 1783333894957
      },
      {
        "price": 62882.02,
        "qty": 0.82074,
        "side": "buy",
        "value": 51609.7890948,
        "time": 1783333943400
      },
      {
        "price": 62979.04,
        "qty": 0.95754,
        "side": "sell",
        "value": 60304.949961599996,
        "time": 1783334049589
      },
      {
        "price": 62959.26,
        "qty": 0.80457,
        "side": "sell",
        "value": 50655.1318182,
        "time": 1783334302077
      },
      {
        "price": 62959.26,
        "qty": 1.8,
        "side": "sell",
        "value": 113326.668,
        "time": 1783334302077
      },
      {
        "price": 62959.26,
        "qty": 0.85232,
        "side": "sell",
        "value": 53661.4364832,
        "time": 1783334302078
      },
      {
        "price": 63025,
        "qty": 0.8507,
        "side": "sell",
        "value": 53615.3675,
        "time": 1783334389856
      },
      {
        "price": 63000,
        "qty": 1.01318,
        "side": "sell",
        "value": 63830.34,
        "time": 1783334434959
      }
    ]
  },
  "depthImportant": {
    "buys": [
      {
        "side": "buy",
        "layer": 1,
        "price": 62918,
        "qty": 1.54772,
        "cumulative": 1.54772
      },
      {
        "side": "buy",
        "layer": 6,
        "price": 62917.8,
        "qty": 0.52528,
        "cumulative": 2.61728
      },
      {
        "side": "buy",
        "layer": 41,
        "price": 62911.64,
        "qty": 0.31302,
        "cumulative": 3.40701
      },
      {
        "side": "buy",
        "layer": 44,
        "price": 62911.28,
        "qty": 0.54428,
        "cumulative": 2.092
      },
      {
        "side": "buy",
        "layer": 50,
        "price": 62910.01,
        "qty": 0.47671,
        "cumulative": 3.0939900000000002
      },
      {
        "side": "buy",
        "layer": 61,
        "price": 62908.6,
        "qty": 1.37334,
        "cumulative": 7.959169999999999
      },
      {
        "side": "buy",
        "layer": 72,
        "price": 62907.23,
        "qty": 3.17882,
        "cumulative": 6.58583
      },
      {
        "side": "buy",
        "layer": 73,
        "price": 62907.22,
        "qty": 0.57284,
        "cumulative": 9.72881
      },
      {
        "side": "buy",
        "layer": 92,
        "price": 62905.05,
        "qty": 0.62393,
        "cumulative": 8.5831
      },
      {
        "side": "buy",
        "layer": 99,
        "price": 62903.77,
        "qty": 0.57287,
        "cumulative": 9.15597
      },
      {
        "side": "buy",
        "layer": 114,
        "price": 62902.16,
        "qty": 1.55916,
        "cumulative": 20.82521
      },
      {
        "side": "buy",
        "layer": 125,
        "price": 62900.9,
        "qty": 3.17874,
        "cumulative": 12.907549999999999
      },
      {
        "side": "buy",
        "layer": 194,
        "price": 62891.78,
        "qty": 1.57571,
        "cumulative": 19.26605
      },
      {
        "side": "buy",
        "layer": 195,
        "price": 62891.64,
        "qty": 1.60453,
        "cumulative": 17.69034
      },
      {
        "side": "buy",
        "layer": 196,
        "price": 62891.62,
        "qty": 3.17826,
        "cumulative": 16.08581
      },
      {
        "side": "buy",
        "layer": 243,
        "price": 62884.81,
        "qty": 3.17826,
        "cumulative": 33.78171
      },
      {
        "side": "buy",
        "layer": 308,
        "price": 62874.74,
        "qty": 3.17777,
        "cumulative": 40.137389999999996
      },
      {
        "side": "buy",
        "layer": 325,
        "price": 62871.46,
        "qty": 5,
        "cumulative": 25.82521
      },
      {
        "side": "buy",
        "layer": 360,
        "price": 62866.91,
        "qty": 3.17791,
        "cumulative": 36.959619999999994
      },
      {
        "side": "buy",
        "layer": 463,
        "price": 62847.72,
        "qty": 4.77824,
        "cumulative": 30.60345
      },
      {
        "side": "buy",
        "layer": 617,
        "price": 62817.71,
        "qty": 4.78052,
        "cumulative": 65.89478999999999
      },
      {
        "side": "buy",
        "layer": 718,
        "price": 62788.21,
        "qty": 4.78277,
        "cumulative": 61.11426999999999
      },
      {
        "side": "buy",
        "layer": 777,
        "price": 62768.69,
        "qty": 6.6213,
        "cumulative": 46.758689999999994
      },
      {
        "side": "buy",
        "layer": 817,
        "price": 62756.26,
        "qty": 4.7852,
        "cumulative": 56.33149999999999
      },
      {
        "side": "buy",
        "layer": 925,
        "price": 62724.72,
        "qty": 4.78761,
        "cumulative": 51.546299999999995
      }
    ],
    "sells": [
      {
        "side": "sell",
        "layer": 1,
        "price": 62918.01,
        "qty": 2.37535,
        "cumulative": 5.78129
      },
      {
        "side": "sell",
        "layer": 9,
        "price": 62919.29,
        "qty": 1.53176,
        "cumulative": 7.3130500000000005
      },
      {
        "side": "sell",
        "layer": 33,
        "price": 62925.65,
        "qty": 0.93214,
        "cumulative": 8.245190000000001
      },
      {
        "side": "sell",
        "layer": 35,
        "price": 62925.67,
        "qty": 3.40594,
        "cumulative": 3.40594
      },
      {
        "side": "sell",
        "layer": 48,
        "price": 62928,
        "qty": 0.73564,
        "cumulative": 8.980830000000001
      },
      {
        "side": "sell",
        "layer": 71,
        "price": 62930.27,
        "qty": 0.4552,
        "cumulative": 11.18438
      },
      {
        "side": "sell",
        "layer": 77,
        "price": 62930.72,
        "qty": 0.44136,
        "cumulative": 11.62574
      },
      {
        "side": "sell",
        "layer": 78,
        "price": 62930.73,
        "qty": 0.47671,
        "cumulative": 10.25298
      },
      {
        "side": "sell",
        "layer": 96,
        "price": 62932.91,
        "qty": 0.79544,
        "cumulative": 9.77627
      },
      {
        "side": "sell",
        "layer": 100,
        "price": 62934.22,
        "qty": 0.4762,
        "cumulative": 10.729180000000001
      },
      {
        "side": "sell",
        "layer": 101,
        "price": 62934.31,
        "qty": 1.92321,
        "cumulative": 23.42235
      },
      {
        "side": "sell",
        "layer": 103,
        "price": 62934.33,
        "qty": 3.51786,
        "cumulative": 15.143600000000001
      },
      {
        "side": "sell",
        "layer": 160,
        "price": 62942.73,
        "qty": 3.17777,
        "cumulative": 18.32137
      },
      {
        "side": "sell",
        "layer": 185,
        "price": 62946.52,
        "qty": 1.82143,
        "cumulative": 25.24378
      },
      {
        "side": "sell",
        "layer": 186,
        "price": 62946.53,
        "qty": 3.17777,
        "cumulative": 21.49914
      },
      {
        "side": "sell",
        "layer": 220,
        "price": 62950.51,
        "qty": 3.17777,
        "cumulative": 44.54760000000001
      },
      {
        "side": "sell",
        "layer": 369,
        "price": 62975.99,
        "qty": 3.65297,
        "cumulative": 41.36983000000001
      },
      {
        "side": "sell",
        "layer": 382,
        "price": 62978.53,
        "qty": 3.76129,
        "cumulative": 37.716860000000004
      },
      {
        "side": "sell",
        "layer": 413,
        "price": 62984.66,
        "qty": 4.76785,
        "cumulative": 30.01163
      },
      {
        "side": "sell",
        "layer": 469,
        "price": 62996.55,
        "qty": 3.94394,
        "cumulative": 33.95557
      },
      {
        "side": "sell",
        "layer": 676,
        "price": 63038.1,
        "qty": 4.76381,
        "cumulative": 49.31141000000001
      },
      {
        "side": "sell",
        "layer": 732,
        "price": 63046.95,
        "qty": 4.76314,
        "cumulative": 54.07455000000001
      },
      {
        "side": "sell",
        "layer": 766,
        "price": 63053.27,
        "qty": 4.76266,
        "cumulative": 58.83721000000001
      },
      {
        "side": "sell",
        "layer": 830,
        "price": 63066.78,
        "qty": 4.76164,
        "cumulative": 63.59885000000001
      },
      {
        "side": "sell",
        "layer": 955,
        "price": 63105.79,
        "qty": 4.7587,
        "cumulative": 68.35755000000002
      }
    ]
  },
  "updatedAt": 1783334580476
}