{
  "symbol": "btcusdt",
  "timeframe": "1m",
  "candle": {
    "startTime": 1783335780000,
    "open": 62836,
    "high": 62870,
    "low": 62834.6,
    "close": 62870,
    "volume": 1422,
    "direction": "up",
    "volatility": 35.400000000001455,
    "totalVolume": 1422
  },
  "trades": {
    "count": 71064,
    "buyVolume": 146.30373999997158,
    "sellVolume": 163.62224999997173,
    "bigTrades": [
      {
        "price": 62859.14,
        "qty": 1.0194,
        "side": "sell",
        "value": 64078.607316,
        "time": 1783333103521
      },
      {
        "price": 62859.14,
        "qty": 0.98503,
        "side": "sell",
        "value": 61918.138674199996,
        "time": 1783333103792
      },
      {
        "price": 62856,
        "qty": 1.0194,
        "side": "buy",
        "value": 64075.40640000001,
        "time": 1783333143863
      },
      {
        "price": 62837.83,
        "qty": 1.01947,
        "side": "buy",
        "value": 64061.28255010001,
        "time": 1783333252137
      },
      {
        "price": 62876.57,
        "qty": 1.22566,
        "side": "buy",
        "value": 77065.2967862,
        "time": 1783333781160
      },
      {
        "price": 62876.57,
        "qty": 1.18937,
        "side": "buy",
        "value": 74783.5060609,
        "time": 1783333781161
      },
      {
        "price": 62883.53,
        "qty": 1.43429,
        "side": "buy",
        "value": 90193.2182437,
        "time": 1783333781194
      },
      {
        "price": 62883.54,
        "qty": 2.0898,
        "side": "buy",
        "value": 131414.021892,
        "time": 1783333781194
      },
      {
        "price": 62876,
        "qty": 0.96248,
        "side": "sell",
        "value": 60516.89248,
        "time": 1783333894957
      },
      {
        "price": 62882.02,
        "qty": 0.82074,
        "side": "buy",
        "value": 51609.7890948,
        "time": 1783333943400
      },
      {
        "price": 62979.04,
        "qty": 0.95754,
        "side": "sell",
        "value": 60304.949961599996,
        "time": 1783334049589
      },
      {
        "price": 62959.26,
        "qty": 0.80457,
        "side": "sell",
        "value": 50655.1318182,
        "time": 1783334302077
      },
      {
        "price": 62959.26,
        "qty": 1.8,
        "side": "sell",
        "value": 113326.668,
        "time": 1783334302077
      },
      {
        "price": 62959.26,
        "qty": 0.85232,
        "side": "sell",
        "value": 53661.4364832,
        "time": 1783334302078
      },
      {
        "price": 63025,
        "qty": 0.8507,
        "side": "sell",
        "value": 53615.3675,
        "time": 1783334389856
      },
      {
        "price": 63000,
        "qty": 1.01318,
        "side": "sell",
        "value": 63830.34,
        "time": 1783334434959
      },
      {
        "price": 62918.49,
        "qty": 1.0409,
        "side": "buy",
        "value": 65491.856240999994,
        "time": 1783334802646
      },
      {
        "price": 62894,
        "qty": 0.966,
        "side": "sell",
        "value": 60755.604,
        "time": 1783334929433
      },
      {
        "price": 62871.46,
        "qty": 4.21317,
        "side": "sell",
        "value": 264888.14912819996,
        "time": 1783334970246
      },
      {
        "price": 62827.8,
        "qty": 0.9888,
        "side": "buy",
        "value": 62124.12864,
        "time": 1783335003475
      },
      {
        "price": 62827.8,
        "qty": 3.18352,
        "side": "buy",
        "value": 200013.55785600003,
        "time": 1783335003477
      },
      {
        "price": 62833.43,
        "qty": 0.99935,
        "side": "buy",
        "value": 62792.5882705,
        "time": 1783335197280
      },
      {
        "price": 62840.01,
        "qty": 0.8167,
        "side": "buy",
        "value": 51321.436167,
        "time": 1783335224033
      },
      {
        "price": 62820,
        "qty": 3.18369,
        "side": "buy",
        "value": 199999.4058,
        "time": 1783335565420
      }
    ]
  },
  "depthImportant": {
    "buys": [
      {
        "side": "buy",
        "layer": 1,
        "price": 62869.99,
        "qty": 5.56626,
        "cumulative": 5.56626
      },
      {
        "side": "buy",
        "layer": 37,
        "price": 62864.03,
        "qty": 3.18116,
        "cumulative": 13.596490000000001
      },
      {
        "side": "buy",
        "layer": 38,
        "price": 62864.02,
        "qty": 1.98374,
        "cumulative": 15.58023
      },
      {
        "side": "buy",
        "layer": 39,
        "price": 62864,
        "qty": 0.58894,
        "cumulative": 16.16917
      },
      {
        "side": "buy",
        "layer": 40,
        "price": 62863.99,
        "qty": 4.84907,
        "cumulative": 10.41533
      },
      {
        "side": "buy",
        "layer": 68,
        "price": 62860.68,
        "qty": 0.66,
        "cumulative": 21.66878
      },
      {
        "side": "buy",
        "layer": 69,
        "price": 62860.45,
        "qty": 0.57326,
        "cumulative": 22.815320000000003
      },
      {
        "side": "buy",
        "layer": 78,
        "price": 62859.29,
        "qty": 1.65814,
        "cumulative": 21.00878
      },
      {
        "side": "buy",
        "layer": 79,
        "price": 62859.28,
        "qty": 3.18147,
        "cumulative": 19.350640000000002
      },
      {
        "side": "buy",
        "layer": 88,
        "price": 62858.05,
        "qty": 0.57328,
        "cumulative": 22.242060000000002
      },
      {
        "side": "buy",
        "layer": 104,
        "price": 62855.91,
        "qty": 1.27647,
        "cumulative": 35.21385000000001
      },
      {
        "side": "buy",
        "layer": 112,
        "price": 62854.54,
        "qty": 3.18147,
        "cumulative": 32.36047000000001
      },
      {
        "side": "buy",
        "layer": 149,
        "price": 62849.83,
        "qty": 3.18184,
        "cumulative": 25.997160000000004
      },
      {
        "side": "buy",
        "layer": 182,
        "price": 62845.56,
        "qty": 3.18184,
        "cumulative": 29.179000000000006
      },
      {
        "side": "buy",
        "layer": 196,
        "price": 62843.34,
        "qty": 1.57691,
        "cumulative": 33.937380000000005
      },
      {
        "side": "buy",
        "layer": 212,
        "price": 62840.28,
        "qty": 3.1823,
        "cumulative": 48.420300000000005
      },
      {
        "side": "buy",
        "layer": 234,
        "price": 62836.05,
        "qty": 3.18248,
        "cumulative": 42.05552000000001
      },
      {
        "side": "buy",
        "layer": 265,
        "price": 62831.11,
        "qty": 2.02547,
        "cumulative": 50.44577
      },
      {
        "side": "buy",
        "layer": 267,
        "price": 62830.73,
        "qty": 3.18248,
        "cumulative": 45.23800000000001
      },
      {
        "side": "buy",
        "layer": 291,
        "price": 62826.41,
        "qty": 3.65919,
        "cumulative": 38.87304000000001
      },
      {
        "side": "buy",
        "layer": 559,
        "price": 62777.77,
        "qty": 3.77332,
        "cumulative": 75.25612
      },
      {
        "side": "buy",
        "layer": 705,
        "price": 62749.31,
        "qty": 4.78569,
        "cumulative": 71.4828
      },
      {
        "side": "buy",
        "layer": 829,
        "price": 62724.72,
        "qty": 4.78761,
        "cumulative": 66.69711
      },
      {
        "side": "buy",
        "layer": 851,
        "price": 62719.45,
        "qty": 6.67523,
        "cumulative": 57.121
      },
      {
        "side": "buy",
        "layer": 891,
        "price": 62712.46,
        "qty": 4.7885,
        "cumulative": 61.9095
      }
    ],
    "sells": [
      {
        "side": "sell",
        "layer": 1,
        "price": 62870,
        "qty": 0.27126,
        "cumulative": 0.27126
      },
      {
        "side": "sell",
        "layer": 20,
        "price": 62873.84,
        "qty": 0.0787,
        "cumulative": 0.48948
      },
      {
        "side": "sell",
        "layer": 21,
        "price": 62873.85,
        "qty": 0.07867,
        "cumulative": 0.56815
      },
      {
        "side": "sell",
        "layer": 29,
        "price": 62874.56,
        "qty": 0.07861,
        "cumulative": 0.64676
      },
      {
        "side": "sell",
        "layer": 46,
        "price": 62876.26,
        "qty": 0.13952,
        "cumulative": 0.41078000000000003
      },
      {
        "side": "sell",
        "layer": 66,
        "price": 62879.15,
        "qty": 0.50218,
        "cumulative": 1.65396
      },
      {
        "side": "sell",
        "layer": 67,
        "price": 62879.16,
        "qty": 0.47671,
        "cumulative": 2.6125300000000005
      },
      {
        "side": "sell",
        "layer": 80,
        "price": 62880.54,
        "qty": 0.48186,
        "cumulative": 2.1358200000000003
      },
      {
        "side": "sell",
        "layer": 90,
        "price": 62881.71,
        "qty": 0.50502,
        "cumulative": 1.15178
      },
      {
        "side": "sell",
        "layer": 91,
        "price": 62881.74,
        "qty": 0.47671,
        "cumulative": 3.0892400000000007
      },
      {
        "side": "sell",
        "layer": 113,
        "price": 62884.83,
        "qty": 1.59604,
        "cumulative": 9.47114
      },
      {
        "side": "sell",
        "layer": 123,
        "price": 62886.01,
        "qty": 1.60291,
        "cumulative": 7.8751
      },
      {
        "side": "sell",
        "layer": 139,
        "price": 62887.85,
        "qty": 3.18295,
        "cumulative": 6.27219
      },
      {
        "side": "sell",
        "layer": 167,
        "price": 62891.2,
        "qty": 1.0968,
        "cumulative": 11.67583
      },
      {
        "side": "sell",
        "layer": 188,
        "price": 62893.56,
        "qty": 1.10789,
        "cumulative": 10.57903
      },
      {
        "side": "sell",
        "layer": 203,
        "price": 62895.4,
        "qty": 3.18295,
        "cumulative": 27.33791
      },
      {
        "side": "sell",
        "layer": 247,
        "price": 62902.95,
        "qty": 3.18295,
        "cumulative": 30.52086
      },
      {
        "side": "sell",
        "layer": 349,
        "price": 62921.08,
        "qty": 3.76472,
        "cumulative": 24.15496
      },
      {
        "side": "sell",
        "layer": 407,
        "price": 62929.2,
        "qty": 4.772,
        "cumulative": 16.44783
      },
      {
        "side": "sell",
        "layer": 454,
        "price": 62938.64,
        "qty": 3.94241,
        "cumulative": 20.39024
      },
      {
        "side": "sell",
        "layer": 540,
        "price": 62958.19,
        "qty": 4.76981,
        "cumulative": 41.53854
      },
      {
        "side": "sell",
        "layer": 567,
        "price": 62964.2,
        "qty": 4.76935,
        "cumulative": 46.30789
      },
      {
        "side": "sell",
        "layer": 604,
        "price": 62972.1,
        "qty": 4.76876,
        "cumulative": 51.07665
      },
      {
        "side": "sell",
        "layer": 655,
        "price": 62985.23,
        "qty": 4.76776,
        "cumulative": 55.84441
      },
      {
        "side": "sell",
        "layer": 808,
        "price": 63026.56,
        "qty": 6.24787,
        "cumulative": 36.76873
      }
    ]
  },
  "updatedAt": 1783335840657
}