{
  "symbol": "btcusdt",
  "timeframe": "1m",
  "candle": {
    "startTime": 1783335480000,
    "open": 62816.22,
    "high": 62819.73,
    "low": 62816.21,
    "close": 62819.73,
    "volume": 360,
    "direction": "up",
    "volatility": 3.5200000000040745,
    "totalVolume": 360
  },
  "trades": {
    "count": 61048,
    "buyVolume": 133.29723999997694,
    "sellVolume": 153.75592999997576,
    "bigTrades": [
      {
        "price": 62859.14,
        "qty": 1.0194,
        "side": "sell",
        "value": 64078.607316,
        "time": 1783333103521
      },
      {
        "price": 62859.14,
        "qty": 0.98503,
        "side": "sell",
        "value": 61918.138674199996,
        "time": 1783333103792
      },
      {
        "price": 62856,
        "qty": 1.0194,
        "side": "buy",
        "value": 64075.40640000001,
        "time": 1783333143863
      },
      {
        "price": 62837.83,
        "qty": 1.01947,
        "side": "buy",
        "value": 64061.28255010001,
        "time": 1783333252137
      },
      {
        "price": 62876.57,
        "qty": 1.22566,
        "side": "buy",
        "value": 77065.2967862,
        "time": 1783333781160
      },
      {
        "price": 62876.57,
        "qty": 1.18937,
        "side": "buy",
        "value": 74783.5060609,
        "time": 1783333781161
      },
      {
        "price": 62883.53,
        "qty": 1.43429,
        "side": "buy",
        "value": 90193.2182437,
        "time": 1783333781194
      },
      {
        "price": 62883.54,
        "qty": 2.0898,
        "side": "buy",
        "value": 131414.021892,
        "time": 1783333781194
      },
      {
        "price": 62876,
        "qty": 0.96248,
        "side": "sell",
        "value": 60516.89248,
        "time": 1783333894957
      },
      {
        "price": 62882.02,
        "qty": 0.82074,
        "side": "buy",
        "value": 51609.7890948,
        "time": 1783333943400
      },
      {
        "price": 62979.04,
        "qty": 0.95754,
        "side": "sell",
        "value": 60304.949961599996,
        "time": 1783334049589
      },
      {
        "price": 62959.26,
        "qty": 0.80457,
        "side": "sell",
        "value": 50655.1318182,
        "time": 1783334302077
      },
      {
        "price": 62959.26,
        "qty": 1.8,
        "side": "sell",
        "value": 113326.668,
        "time": 1783334302077
      },
      {
        "price": 62959.26,
        "qty": 0.85232,
        "side": "sell",
        "value": 53661.4364832,
        "time": 1783334302078
      },
      {
        "price": 63025,
        "qty": 0.8507,
        "side": "sell",
        "value": 53615.3675,
        "time": 1783334389856
      },
      {
        "price": 63000,
        "qty": 1.01318,
        "side": "sell",
        "value": 63830.34,
        "time": 1783334434959
      },
      {
        "price": 62918.49,
        "qty": 1.0409,
        "side": "buy",
        "value": 65491.856240999994,
        "time": 1783334802646
      },
      {
        "price": 62894,
        "qty": 0.966,
        "side": "sell",
        "value": 60755.604,
        "time": 1783334929433
      },
      {
        "price": 62871.46,
        "qty": 4.21317,
        "side": "sell",
        "value": 264888.14912819996,
        "time": 1783334970246
      },
      {
        "price": 62827.8,
        "qty": 0.9888,
        "side": "buy",
        "value": 62124.12864,
        "time": 1783335003475
      },
      {
        "price": 62827.8,
        "qty": 3.18352,
        "side": "buy",
        "value": 200013.55785600003,
        "time": 1783335003477
      },
      {
        "price": 62833.43,
        "qty": 0.99935,
        "side": "buy",
        "value": 62792.5882705,
        "time": 1783335197280
      },
      {
        "price": 62840.01,
        "qty": 0.8167,
        "side": "buy",
        "value": 51321.436167,
        "time": 1783335224033
      }
    ]
  },
  "depthImportant": {
    "buys": [
      {
        "side": "buy",
        "layer": 1,
        "price": 62819.72,
        "qty": 3.42256,
        "cumulative": 3.42256
      },
      {
        "side": "buy",
        "layer": 5,
        "price": 62819.34,
        "qty": 0.11278,
        "cumulative": 4.24466
      },
      {
        "side": "buy",
        "layer": 7,
        "price": 62819.32,
        "qty": 0.23902,
        "cumulative": 3.9068799999999997
      },
      {
        "side": "buy",
        "layer": 20,
        "price": 62816.33,
        "qty": 0.2453,
        "cumulative": 3.6678599999999997
      },
      {
        "side": "buy",
        "layer": 44,
        "price": 62812.99,
        "qty": 0.225,
        "cumulative": 4.13188
      },
      {
        "side": "buy",
        "layer": 51,
        "price": 62811.82,
        "qty": 0.51523,
        "cumulative": 7.231539999999999
      },
      {
        "side": "buy",
        "layer": 62,
        "price": 62810.16,
        "qty": 0.57126,
        "cumulative": 6.716309999999999
      },
      {
        "side": "buy",
        "layer": 77,
        "price": 62808.23,
        "qty": 0.71859,
        "cumulative": 4.9632499999999995
      },
      {
        "side": "buy",
        "layer": 78,
        "price": 62808.22,
        "qty": 0.60805,
        "cumulative": 5.571299999999999
      },
      {
        "side": "buy",
        "layer": 88,
        "price": 62807.21,
        "qty": 0.57375,
        "cumulative": 6.1450499999999995
      },
      {
        "side": "buy",
        "layer": 105,
        "price": 62805.77,
        "qty": 0.83177,
        "cumulative": 17.18073
      },
      {
        "side": "buy",
        "layer": 130,
        "price": 62803.14,
        "qty": 1.39084,
        "cumulative": 14.99014
      },
      {
        "side": "buy",
        "layer": 137,
        "price": 62802.08,
        "qty": 3.18388,
        "cumulative": 10.41542
      },
      {
        "side": "buy",
        "layer": 179,
        "price": 62796.34,
        "qty": 1.35882,
        "cumulative": 16.34896
      },
      {
        "side": "buy",
        "layer": 180,
        "price": 62796.33,
        "qty": 3.18388,
        "cumulative": 13.5993
      },
      {
        "side": "buy",
        "layer": 234,
        "price": 62789.02,
        "qty": 3.6606,
        "cumulative": 25.627019999999998
      },
      {
        "side": "buy",
        "layer": 287,
        "price": 62780.97,
        "qty": 3.18389,
        "cumulative": 31.995419999999996
      },
      {
        "side": "buy",
        "layer": 365,
        "price": 62770.39,
        "qty": 3.18319,
        "cumulative": 35.17861
      },
      {
        "side": "buy",
        "layer": 427,
        "price": 62761.9,
        "qty": 3.18451,
        "cumulative": 28.811529999999998
      },
      {
        "side": "buy",
        "layer": 499,
        "price": 62749.31,
        "qty": 4.78569,
        "cumulative": 21.96642
      },
      {
        "side": "buy",
        "layer": 652,
        "price": 62724.72,
        "qty": 4.78761,
        "cumulative": 60.997769999999996
      },
      {
        "side": "buy",
        "layer": 761,
        "price": 62705.01,
        "qty": 4.78911,
        "cumulative": 56.210159999999995
      },
      {
        "side": "buy",
        "layer": 801,
        "price": 62696.92,
        "qty": 4.78973,
        "cumulative": 51.421049999999994
      },
      {
        "side": "buy",
        "layer": 906,
        "price": 62670.58,
        "qty": 6.66032,
        "cumulative": 41.83893
      },
      {
        "side": "buy",
        "layer": 943,
        "price": 62661.55,
        "qty": 4.79239,
        "cumulative": 46.631319999999995
      }
    ],
    "sells": [
      {
        "side": "sell",
        "layer": 1,
        "price": 62819.73,
        "qty": 1.68171,
        "cumulative": 5.3423
      },
      {
        "side": "sell",
        "layer": 25,
        "price": 62823.52,
        "qty": 0.47671,
        "cumulative": 7.204289999999999
      },
      {
        "side": "sell",
        "layer": 36,
        "price": 62825.08,
        "qty": 0.4762,
        "cumulative": 7.68049
      },
      {
        "side": "sell",
        "layer": 45,
        "price": 62826.13,
        "qty": 1.38528,
        "cumulative": 6.72758
      },
      {
        "side": "sell",
        "layer": 46,
        "price": 62826.14,
        "qty": 3.66059,
        "cumulative": 3.66059
      },
      {
        "side": "sell",
        "layer": 70,
        "price": 62828.68,
        "qty": 0.47671,
        "cumulative": 14.14448
      },
      {
        "side": "sell",
        "layer": 72,
        "price": 62828.93,
        "qty": 1.26267,
        "cumulative": 12.12704
      },
      {
        "side": "sell",
        "layer": 80,
        "price": 62829.96,
        "qty": 3.18388,
        "cumulative": 10.86437
      },
      {
        "side": "sell",
        "layer": 92,
        "price": 62831.39,
        "qty": 0.48127,
        "cumulative": 13.667769999999999
      },
      {
        "side": "sell",
        "layer": 95,
        "price": 62831.47,
        "qty": 1.05946,
        "cumulative": 13.186499999999999
      },
      {
        "side": "sell",
        "layer": 111,
        "price": 62833.84,
        "qty": 3.18638,
        "cumulative": 17.33086
      },
      {
        "side": "sell",
        "layer": 123,
        "price": 62835.78,
        "qty": 1.50522,
        "cumulative": 26.80801
      },
      {
        "side": "sell",
        "layer": 133,
        "price": 62837.27,
        "qty": 1.60415,
        "cumulative": 25.302789999999998
      },
      {
        "side": "sell",
        "layer": 134,
        "price": 62837.66,
        "qty": 3.18389,
        "cumulative": 20.51475
      },
      {
        "side": "sell",
        "layer": 174,
        "price": 62843.52,
        "qty": 3.18389,
        "cumulative": 23.698639999999997
      },
      {
        "side": "sell",
        "layer": 307,
        "price": 62867.56,
        "qty": 3.76793,
        "cumulative": 48.9437
      },
      {
        "side": "sell",
        "layer": 352,
        "price": 62874.96,
        "qty": 4.77615,
        "cumulative": 31.58416
      },
      {
        "side": "sell",
        "layer": 385,
        "price": 62879.99,
        "qty": 4.04235,
        "cumulative": 45.17577
      },
      {
        "side": "sell",
        "layer": 417,
        "price": 62887.88,
        "qty": 4.77517,
        "cumulative": 36.35933
      },
      {
        "side": "sell",
        "layer": 475,
        "price": 62902.22,
        "qty": 4.77409,
        "cumulative": 41.13342
      },
      {
        "side": "sell",
        "layer": 570,
        "price": 62928.56,
        "qty": 4.77208,
        "cumulative": 59.96365
      },
      {
        "side": "sell",
        "layer": 579,
        "price": 62931.46,
        "qty": 4.77187,
        "cumulative": 64.73552000000001
      },
      {
        "side": "sell",
        "layer": 603,
        "price": 62938.09,
        "qty": 4.77133,
        "cumulative": 69.50685000000001
      },
      {
        "side": "sell",
        "layer": 723,
        "price": 62975.52,
        "qty": 6.24787,
        "cumulative": 55.19157
      },
      {
        "side": "sell",
        "layer": 736,
        "price": 62978.2,
        "qty": 4.76834,
        "cumulative": 74.27519000000001
      }
    ]
  },
  "updatedAt": 1783335540481
}