{
  "symbol": "btcusdt",
  "timeframe": "1m",
  "candle": {
    "startTime": 1783337460000,
    "open": 62917.99,
    "high": 62940,
    "low": 62917.99,
    "close": 62939.99,
    "volume": 952,
    "direction": "up",
    "volatility": 22.010000000002037,
    "totalVolume": 952
  },
  "trades": {
    "count": 97421,
    "buyVolume": 229.65404999995954,
    "sellVolume": 213.86434999995956,
    "bigTrades": [
      {
        "price": 62859.14,
        "qty": 1.0194,
        "side": "sell",
        "value": 64078.607316,
        "time": 1783333103521
      },
      {
        "price": 62859.14,
        "qty": 0.98503,
        "side": "sell",
        "value": 61918.138674199996,
        "time": 1783333103792
      },
      {
        "price": 62856,
        "qty": 1.0194,
        "side": "buy",
        "value": 64075.40640000001,
        "time": 1783333143863
      },
      {
        "price": 62837.83,
        "qty": 1.01947,
        "side": "buy",
        "value": 64061.28255010001,
        "time": 1783333252137
      },
      {
        "price": 62876.57,
        "qty": 1.22566,
        "side": "buy",
        "value": 77065.2967862,
        "time": 1783333781160
      },
      {
        "price": 62876.57,
        "qty": 1.18937,
        "side": "buy",
        "value": 74783.5060609,
        "time": 1783333781161
      },
      {
        "price": 62883.53,
        "qty": 1.43429,
        "side": "buy",
        "value": 90193.2182437,
        "time": 1783333781194
      },
      {
        "price": 62883.54,
        "qty": 2.0898,
        "side": "buy",
        "value": 131414.021892,
        "time": 1783333781194
      },
      {
        "price": 62876,
        "qty": 0.96248,
        "side": "sell",
        "value": 60516.89248,
        "time": 1783333894957
      },
      {
        "price": 62882.02,
        "qty": 0.82074,
        "side": "buy",
        "value": 51609.7890948,
        "time": 1783333943400
      },
      {
        "price": 62979.04,
        "qty": 0.95754,
        "side": "sell",
        "value": 60304.949961599996,
        "time": 1783334049589
      },
      {
        "price": 62959.26,
        "qty": 0.80457,
        "side": "sell",
        "value": 50655.1318182,
        "time": 1783334302077
      },
      {
        "price": 62959.26,
        "qty": 1.8,
        "side": "sell",
        "value": 113326.668,
        "time": 1783334302077
      },
      {
        "price": 62959.26,
        "qty": 0.85232,
        "side": "sell",
        "value": 53661.4364832,
        "time": 1783334302078
      },
      {
        "price": 63025,
        "qty": 0.8507,
        "side": "sell",
        "value": 53615.3675,
        "time": 1783334389856
      },
      {
        "price": 63000,
        "qty": 1.01318,
        "side": "sell",
        "value": 63830.34,
        "time": 1783334434959
      },
      {
        "price": 62918.49,
        "qty": 1.0409,
        "side": "buy",
        "value": 65491.856240999994,
        "time": 1783334802646
      },
      {
        "price": 62894,
        "qty": 0.966,
        "side": "sell",
        "value": 60755.604,
        "time": 1783334929433
      },
      {
        "price": 62871.46,
        "qty": 4.21317,
        "side": "sell",
        "value": 264888.14912819996,
        "time": 1783334970246
      },
      {
        "price": 62827.8,
        "qty": 0.9888,
        "side": "buy",
        "value": 62124.12864,
        "time": 1783335003475
      },
      {
        "price": 62827.8,
        "qty": 3.18352,
        "side": "buy",
        "value": 200013.55785600003,
        "time": 1783335003477
      },
      {
        "price": 62833.43,
        "qty": 0.99935,
        "side": "buy",
        "value": 62792.5882705,
        "time": 1783335197280
      },
      {
        "price": 62840.01,
        "qty": 0.8167,
        "side": "buy",
        "value": 51321.436167,
        "time": 1783335224033
      },
      {
        "price": 62820,
        "qty": 3.18369,
        "side": "buy",
        "value": 199999.4058,
        "time": 1783335565420
      },
      {
        "price": 62871.03,
        "qty": 1.36622,
        "side": "sell",
        "value": 85895.6586066,
        "time": 1783335908214
      },
      {
        "price": 62870.71,
        "qty": 0.86668,
        "side": "sell",
        "value": 54488.7869428,
        "time": 1783335926908
      },
      {
        "price": 62870.71,
        "qty": 4.77182,
        "side": "sell",
        "value": 300007.71139219997,
        "time": 1783335928709
      },
      {
        "price": 62864.76,
        "qty": 0.91128,
        "side": "sell",
        "value": 57287.3984928,
        "time": 1783335983408
      },
      {
        "price": 62850.01,
        "qty": 0.84409,
        "side": "buy",
        "value": 53051.0649409,
        "time": 1783335991595
      },
      {
        "price": 62819.85,
        "qty": 0.87148,
        "side": "sell",
        "value": 54746.242878,
        "time": 1783336539602
      },
      {
        "price": 62819.85,
        "qty": 1.1893,
        "side": "sell",
        "value": 74711.647605,
        "time": 1783336539603
      },
      {
        "price": 62807.68,
        "qty": 0.83728,
        "side": "sell",
        "value": 52587.6143104,
        "time": 1783336572523
      },
      {
        "price": 62800,
        "qty": 1.13713,
        "side": "buy",
        "value": 71411.764,
        "time": 1783336689607
      },
      {
        "price": 62819.85,
        "qty": 1.18931,
        "side": "buy",
        "value": 74712.2758035,
        "time": 1783336751623
      },
      {
        "price": 62835.04,
        "qty": 1.20917,
        "side": "buy",
        "value": 75978.2453168,
        "time": 1783336781936
      },
      {
        "price": 62835.05,
        "qty": 3.18369,
        "side": "buy",
        "value": 200047.3203345,
        "time": 1783336781937
      },
      {
        "price": 62838.85,
        "qty": 1.29174,
        "side": "buy",
        "value": 81171.456099,
        "time": 1783336781941
      }
    ]
  },
  "depthImportant": {
    "buys": [
      {
        "side": "buy",
        "layer": 1,
        "price": 62939.99,
        "qty": 12.85409,
        "cumulative": 12.85409
      },
      {
        "side": "buy",
        "layer": 9,
        "price": 62938,
        "qty": 0.71048,
        "cumulative": 16.8354
      },
      {
        "side": "buy",
        "layer": 10,
        "price": 62937.99,
        "qty": 3.27083,
        "cumulative": 16.12492
      },
      {
        "side": "buy",
        "layer": 20,
        "price": 62935.26,
        "qty": 0.59639,
        "cumulative": 17.43179
      },
      {
        "side": "buy",
        "layer": 49,
        "price": 62931.65,
        "qty": 0.5726,
        "cumulative": 18.00439
      },
      {
        "side": "buy",
        "layer": 58,
        "price": 62930.02,
        "qty": 1.21768,
        "cumulative": 22.399800000000003
      },
      {
        "side": "buy",
        "layer": 59,
        "price": 62930.01,
        "qty": 3.17773,
        "cumulative": 21.18212
      },
      {
        "side": "buy",
        "layer": 68,
        "price": 62928.61,
        "qty": 0.57262,
        "cumulative": 23.545070000000003
      },
      {
        "side": "buy",
        "layer": 93,
        "price": 62925.74,
        "qty": 0.57265,
        "cumulative": 22.972450000000002
      },
      {
        "side": "buy",
        "layer": 98,
        "price": 62925.05,
        "qty": 0.54438,
        "cumulative": 24.089450000000003
      },
      {
        "side": "buy",
        "layer": 102,
        "price": 62924.66,
        "qty": 3.17823,
        "cumulative": 33.62505
      },
      {
        "side": "buy",
        "layer": 131,
        "price": 62920.22,
        "qty": 3.17823,
        "cumulative": 36.80328
      },
      {
        "side": "buy",
        "layer": 162,
        "price": 62916.03,
        "qty": 1.87518,
        "cumulative": 38.67846
      },
      {
        "side": "buy",
        "layer": 168,
        "price": 62915.04,
        "qty": 3.17853,
        "cumulative": 30.446820000000002
      },
      {
        "side": "buy",
        "layer": 198,
        "price": 62910.42,
        "qty": 3.17884,
        "cumulative": 27.268290000000004
      },
      {
        "side": "buy",
        "layer": 228,
        "price": 62906.04,
        "qty": 3.65555,
        "cumulative": 54.889050000000005
      },
      {
        "side": "buy",
        "layer": 254,
        "price": 62900.71,
        "qty": 3.17884,
        "cumulative": 58.067890000000006
      },
      {
        "side": "buy",
        "layer": 428,
        "price": 62864.37,
        "qty": 3.76812,
        "cumulative": 51.23350000000001
      },
      {
        "side": "buy",
        "layer": 487,
        "price": 62850.82,
        "qty": 4.77781,
        "cumulative": 43.45627
      },
      {
        "side": "buy",
        "layer": 496,
        "price": 62848.46,
        "qty": 4.00911,
        "cumulative": 47.46538
      },
      {
        "side": "buy",
        "layer": 585,
        "price": 62828,
        "qty": 4.80354,
        "cumulative": 69.37219
      },
      {
        "side": "buy",
        "layer": 763,
        "price": 62780.94,
        "qty": 4.78323,
        "cumulative": 83.72656
      },
      {
        "side": "buy",
        "layer": 771,
        "price": 62778.86,
        "qty": 6.50076,
        "cumulative": 64.56865
      },
      {
        "side": "buy",
        "layer": 852,
        "price": 62758.15,
        "qty": 4.78491,
        "cumulative": 78.94333
      },
      {
        "side": "buy",
        "layer": 925,
        "price": 62740.18,
        "qty": 4.78623,
        "cumulative": 74.15842
      }
    ],
    "sells": [
      {
        "side": "sell",
        "layer": 30,
        "price": 62944.94,
        "qty": 0.10839,
        "cumulative": 0.10839
      },
      {
        "side": "sell",
        "layer": 36,
        "price": 62945.92,
        "qty": 0.09956,
        "cumulative": 0.20795
      },
      {
        "side": "sell",
        "layer": 40,
        "price": 62946.36,
        "qty": 0.09947,
        "cumulative": 0.30742
      },
      {
        "side": "sell",
        "layer": 44,
        "price": 62947.38,
        "qty": 0.09947,
        "cumulative": 0.40689000000000003
      },
      {
        "side": "sell",
        "layer": 47,
        "price": 62947.54,
        "qty": 0.09947,
        "cumulative": 0.50636
      },
      {
        "side": "sell",
        "layer": 51,
        "price": 62947.95,
        "qty": 0.20678,
        "cumulative": 1.57964
      },
      {
        "side": "sell",
        "layer": 55,
        "price": 62948.31,
        "qty": 0.225,
        "cumulative": 1.37286
      },
      {
        "side": "sell",
        "layer": 77,
        "price": 62950.58,
        "qty": 0.10908,
        "cumulative": 1.68872
      },
      {
        "side": "sell",
        "layer": 82,
        "price": 62951.08,
        "qty": 0.29761,
        "cumulative": 1.1478599999999999
      },
      {
        "side": "sell",
        "layer": 93,
        "price": 62952.46,
        "qty": 0.34389,
        "cumulative": 0.85025
      },
      {
        "side": "sell",
        "layer": 147,
        "price": 62957.13,
        "qty": 1.21045,
        "cumulative": 10.87431
      },
      {
        "side": "sell",
        "layer": 164,
        "price": 62959.61,
        "qty": 0.79515,
        "cumulative": 11.669459999999999
      },
      {
        "side": "sell",
        "layer": 165,
        "price": 62959.62,
        "qty": 3.17781,
        "cumulative": 8.04719
      },
      {
        "side": "sell",
        "layer": 195,
        "price": 62963.6,
        "qty": 1.61667,
        "cumulative": 9.66386
      },
      {
        "side": "sell",
        "layer": 196,
        "price": 62963.61,
        "qty": 3.18066,
        "cumulative": 4.86938
      },
      {
        "side": "sell",
        "layer": 393,
        "price": 62991.99,
        "qty": 3.99108,
        "cumulative": 25.19407
      },
      {
        "side": "sell",
        "layer": 407,
        "price": 62993.45,
        "qty": 4.76699,
        "cumulative": 16.43645
      },
      {
        "side": "sell",
        "layer": 413,
        "price": 62994.11,
        "qty": 3.93661,
        "cumulative": 29.130679999999998
      },
      {
        "side": "sell",
        "layer": 435,
        "price": 62997.86,
        "qty": 3.76013,
        "cumulative": 32.89081
      },
      {
        "side": "sell",
        "layer": 446,
        "price": 62999.37,
        "qty": 4.76654,
        "cumulative": 21.20299
      },
      {
        "side": "sell",
        "layer": 636,
        "price": 63031.34,
        "qty": 4.76412,
        "cumulative": 44.06459
      },
      {
        "side": "sell",
        "layer": 642,
        "price": 63032.01,
        "qty": 4.76407,
        "cumulative": 48.82866
      },
      {
        "side": "sell",
        "layer": 718,
        "price": 63043.39,
        "qty": 4.76322,
        "cumulative": 53.591879999999996
      },
      {
        "side": "sell",
        "layer": 754,
        "price": 63050.13,
        "qty": 4.76271,
        "cumulative": 58.354589999999995
      },
      {
        "side": "sell",
        "layer": 908,
        "price": 63083.64,
        "qty": 6.40966,
        "cumulative": 39.300470000000004
      }
    ]
  },
  "updatedAt": 1783337520273
}