{
  "symbol": "btcusdt",
  "timeframe": "1m",
  "candle": {
    "startTime": 1783337580000,
    "open": 62958,
    "high": 62998.3,
    "low": 62958,
    "close": 62970.01,
    "volume": 2611,
    "direction": "up",
    "volatility": 40.30000000000291,
    "totalVolume": 2611
  },
  "trades": {
    "count": 100957,
    "buyVolume": 236.17213999995798,
    "sellVolume": 218.64784999995814,
    "bigTrades": [
      {
        "price": 62859.14,
        "qty": 1.0194,
        "side": "sell",
        "value": 64078.607316,
        "time": 1783333103521
      },
      {
        "price": 62859.14,
        "qty": 0.98503,
        "side": "sell",
        "value": 61918.138674199996,
        "time": 1783333103792
      },
      {
        "price": 62856,
        "qty": 1.0194,
        "side": "buy",
        "value": 64075.40640000001,
        "time": 1783333143863
      },
      {
        "price": 62837.83,
        "qty": 1.01947,
        "side": "buy",
        "value": 64061.28255010001,
        "time": 1783333252137
      },
      {
        "price": 62876.57,
        "qty": 1.22566,
        "side": "buy",
        "value": 77065.2967862,
        "time": 1783333781160
      },
      {
        "price": 62876.57,
        "qty": 1.18937,
        "side": "buy",
        "value": 74783.5060609,
        "time": 1783333781161
      },
      {
        "price": 62883.53,
        "qty": 1.43429,
        "side": "buy",
        "value": 90193.2182437,
        "time": 1783333781194
      },
      {
        "price": 62883.54,
        "qty": 2.0898,
        "side": "buy",
        "value": 131414.021892,
        "time": 1783333781194
      },
      {
        "price": 62876,
        "qty": 0.96248,
        "side": "sell",
        "value": 60516.89248,
        "time": 1783333894957
      },
      {
        "price": 62882.02,
        "qty": 0.82074,
        "side": "buy",
        "value": 51609.7890948,
        "time": 1783333943400
      },
      {
        "price": 62979.04,
        "qty": 0.95754,
        "side": "sell",
        "value": 60304.949961599996,
        "time": 1783334049589
      },
      {
        "price": 62959.26,
        "qty": 0.80457,
        "side": "sell",
        "value": 50655.1318182,
        "time": 1783334302077
      },
      {
        "price": 62959.26,
        "qty": 1.8,
        "side": "sell",
        "value": 113326.668,
        "time": 1783334302077
      },
      {
        "price": 62959.26,
        "qty": 0.85232,
        "side": "sell",
        "value": 53661.4364832,
        "time": 1783334302078
      },
      {
        "price": 63025,
        "qty": 0.8507,
        "side": "sell",
        "value": 53615.3675,
        "time": 1783334389856
      },
      {
        "price": 63000,
        "qty": 1.01318,
        "side": "sell",
        "value": 63830.34,
        "time": 1783334434959
      },
      {
        "price": 62918.49,
        "qty": 1.0409,
        "side": "buy",
        "value": 65491.856240999994,
        "time": 1783334802646
      },
      {
        "price": 62894,
        "qty": 0.966,
        "side": "sell",
        "value": 60755.604,
        "time": 1783334929433
      },
      {
        "price": 62871.46,
        "qty": 4.21317,
        "side": "sell",
        "value": 264888.14912819996,
        "time": 1783334970246
      },
      {
        "price": 62827.8,
        "qty": 0.9888,
        "side": "buy",
        "value": 62124.12864,
        "time": 1783335003475
      },
      {
        "price": 62827.8,
        "qty": 3.18352,
        "side": "buy",
        "value": 200013.55785600003,
        "time": 1783335003477
      },
      {
        "price": 62833.43,
        "qty": 0.99935,
        "side": "buy",
        "value": 62792.5882705,
        "time": 1783335197280
      },
      {
        "price": 62840.01,
        "qty": 0.8167,
        "side": "buy",
        "value": 51321.436167,
        "time": 1783335224033
      },
      {
        "price": 62820,
        "qty": 3.18369,
        "side": "buy",
        "value": 199999.4058,
        "time": 1783335565420
      },
      {
        "price": 62871.03,
        "qty": 1.36622,
        "side": "sell",
        "value": 85895.6586066,
        "time": 1783335908214
      },
      {
        "price": 62870.71,
        "qty": 0.86668,
        "side": "sell",
        "value": 54488.7869428,
        "time": 1783335926908
      },
      {
        "price": 62870.71,
        "qty": 4.77182,
        "side": "sell",
        "value": 300007.71139219997,
        "time": 1783335928709
      },
      {
        "price": 62864.76,
        "qty": 0.91128,
        "side": "sell",
        "value": 57287.3984928,
        "time": 1783335983408
      },
      {
        "price": 62850.01,
        "qty": 0.84409,
        "side": "buy",
        "value": 53051.0649409,
        "time": 1783335991595
      },
      {
        "price": 62819.85,
        "qty": 0.87148,
        "side": "sell",
        "value": 54746.242878,
        "time": 1783336539602
      },
      {
        "price": 62819.85,
        "qty": 1.1893,
        "side": "sell",
        "value": 74711.647605,
        "time": 1783336539603
      },
      {
        "price": 62807.68,
        "qty": 0.83728,
        "side": "sell",
        "value": 52587.6143104,
        "time": 1783336572523
      },
      {
        "price": 62800,
        "qty": 1.13713,
        "side": "buy",
        "value": 71411.764,
        "time": 1783336689607
      },
      {
        "price": 62819.85,
        "qty": 1.18931,
        "side": "buy",
        "value": 74712.2758035,
        "time": 1783336751623
      },
      {
        "price": 62835.04,
        "qty": 1.20917,
        "side": "buy",
        "value": 75978.2453168,
        "time": 1783336781936
      },
      {
        "price": 62835.05,
        "qty": 3.18369,
        "side": "buy",
        "value": 200047.3203345,
        "time": 1783336781937
      },
      {
        "price": 62838.85,
        "qty": 1.29174,
        "side": "buy",
        "value": 81171.456099,
        "time": 1783336781941
      },
      {
        "price": 62976.01,
        "qty": 1.01189,
        "side": "buy",
        "value": 63724.794758899996,
        "time": 1783337629736
      }
    ]
  },
  "depthImportant": {
    "buys": [
      {
        "side": "buy",
        "layer": 1,
        "price": 62970,
        "qty": 2.20517,
        "cumulative": 5.38128
      },
      {
        "side": "buy",
        "layer": 27,
        "price": 62966.28,
        "qty": 0.59621,
        "cumulative": 7.18763
      },
      {
        "side": "buy",
        "layer": 28,
        "price": 62966.27,
        "qty": 1.21014,
        "cumulative": 6.59142
      },
      {
        "side": "buy",
        "layer": 37,
        "price": 62965.26,
        "qty": 3.17611,
        "cumulative": 3.17611
      },
      {
        "side": "buy",
        "layer": 38,
        "price": 62965.25,
        "qty": 0.47671,
        "cumulative": 7.66434
      },
      {
        "side": "buy",
        "layer": 54,
        "price": 62963.12,
        "qty": 1.18594,
        "cumulative": 12.026480000000001
      },
      {
        "side": "buy",
        "layer": 58,
        "price": 62962.64,
        "qty": 0.47671,
        "cumulative": 12.503190000000002
      },
      {
        "side": "buy",
        "layer": 65,
        "price": 62961,
        "qty": 3.1762,
        "cumulative": 10.84054
      },
      {
        "side": "buy",
        "layer": 73,
        "price": 62960.09,
        "qty": 0.47671,
        "cumulative": 12.979900000000002
      },
      {
        "side": "buy",
        "layer": 96,
        "price": 62958.25,
        "qty": 0.4762,
        "cumulative": 13.456100000000003
      },
      {
        "side": "buy",
        "layer": 111,
        "price": 62956.78,
        "qty": 1.47999,
        "cumulative": 21.28668
      },
      {
        "side": "buy",
        "layer": 112,
        "price": 62956.77,
        "qty": 3.17591,
        "cumulative": 16.63201
      },
      {
        "side": "buy",
        "layer": 114,
        "price": 62956.72,
        "qty": 0.82945,
        "cumulative": 23.39252
      },
      {
        "side": "buy",
        "layer": 144,
        "price": 62953.77,
        "qty": 1.27639,
        "cumulative": 22.56307
      },
      {
        "side": "buy",
        "layer": 161,
        "price": 62951.92,
        "qty": 3.17468,
        "cumulative": 19.80669
      },
      {
        "side": "buy",
        "layer": 213,
        "price": 62943.94,
        "qty": 3.17476,
        "cumulative": 31.340690000000002
      },
      {
        "side": "buy",
        "layer": 254,
        "price": 62937.57,
        "qty": 3.17468,
        "cumulative": 34.515370000000004
      },
      {
        "side": "buy",
        "layer": 287,
        "price": 62932.8,
        "qty": 3.17468,
        "cumulative": 37.69005000000001
      },
      {
        "side": "buy",
        "layer": 340,
        "price": 62924.82,
        "qty": 3.17468,
        "cumulative": 40.86473000000001
      },
      {
        "side": "buy",
        "layer": 427,
        "price": 62909.32,
        "qty": 4.77341,
        "cumulative": 28.165930000000003
      },
      {
        "side": "buy",
        "layer": 682,
        "price": 62850.82,
        "qty": 4.77781,
        "cumulative": 66.50364000000002
      },
      {
        "side": "buy",
        "layer": 699,
        "price": 62846.25,
        "qty": 6.51989,
        "cumulative": 47.38462000000001
      },
      {
        "side": "buy",
        "layer": 749,
        "price": 62833.02,
        "qty": 4.77921,
        "cumulative": 61.725830000000016
      },
      {
        "side": "buy",
        "layer": 771,
        "price": 62826.93,
        "qty": 4.77967,
        "cumulative": 56.94662000000002
      },
      {
        "side": "buy",
        "layer": 881,
        "price": 62791.41,
        "qty": 4.78233,
        "cumulative": 52.166950000000014
      }
    ],
    "sells": [
      {
        "side": "sell",
        "layer": 1,
        "price": 62970.01,
        "qty": 2.53865,
        "cumulative": 2.53865
      },
      {
        "side": "sell",
        "layer": 30,
        "price": 62975.98,
        "qty": 0.4762,
        "cumulative": 4.5595300000000005
      },
      {
        "side": "sell",
        "layer": 31,
        "price": 62975.99,
        "qty": 0.76789,
        "cumulative": 4.08333
      },
      {
        "side": "sell",
        "layer": 45,
        "price": 62977.74,
        "qty": 0.77679,
        "cumulative": 3.31544
      },
      {
        "side": "sell",
        "layer": 49,
        "price": 62978.22,
        "qty": 0.304,
        "cumulative": 4.863530000000001
      },
      {
        "side": "sell",
        "layer": 57,
        "price": 62979.17,
        "qty": 0.41142,
        "cumulative": 7.305610000000001
      },
      {
        "side": "sell",
        "layer": 58,
        "price": 62979.18,
        "qty": 0.3,
        "cumulative": 7.60561
      },
      {
        "side": "sell",
        "layer": 71,
        "price": 62981.01,
        "qty": 0.47671,
        "cumulative": 6.894190000000001
      },
      {
        "side": "sell",
        "layer": 83,
        "price": 62981.96,
        "qty": 0.22769,
        "cumulative": 7.8333
      },
      {
        "side": "sell",
        "layer": 89,
        "price": 62982.46,
        "qty": 1.55395,
        "cumulative": 6.417480000000001
      },
      {
        "side": "sell",
        "layer": 102,
        "price": 62983.97,
        "qty": 3.17468,
        "cumulative": 11.00798
      },
      {
        "side": "sell",
        "layer": 134,
        "price": 62988.19,
        "qty": 3.17468,
        "cumulative": 14.18266
      },
      {
        "side": "sell",
        "layer": 171,
        "price": 62994,
        "qty": 1.31703,
        "cumulative": 20.16407
      },
      {
        "side": "sell",
        "layer": 172,
        "price": 62994.01,
        "qty": 3.17468,
        "cumulative": 17.35734
      },
      {
        "side": "sell",
        "layer": 200,
        "price": 62998.27,
        "qty": 1.4897,
        "cumulative": 18.84704
      },
      {
        "side": "sell",
        "layer": 307,
        "price": 63010.7,
        "qty": 3.17484,
        "cumulative": 33.3459
      },
      {
        "side": "sell",
        "layer": 355,
        "price": 63017.26,
        "qty": 3.17484,
        "cumulative": 36.52074
      },
      {
        "side": "sell",
        "layer": 382,
        "price": 63021.64,
        "qty": 3.6515,
        "cumulative": 23.815569999999997
      },
      {
        "side": "sell",
        "layer": 403,
        "price": 63025.63,
        "qty": 3.17542,
        "cumulative": 30.171059999999997
      },
      {
        "side": "sell",
        "layer": 447,
        "price": 63031.8,
        "qty": 3.18007,
        "cumulative": 26.995639999999998
      },
      {
        "side": "sell",
        "layer": 722,
        "price": 63069.04,
        "qty": 4.76132,
        "cumulative": 41.28206
      },
      {
        "side": "sell",
        "layer": 786,
        "price": 63081.34,
        "qty": 4.7604,
        "cumulative": 46.04246
      },
      {
        "side": "sell",
        "layer": 848,
        "price": 63093.71,
        "qty": 4.75946,
        "cumulative": 50.801919999999996
      },
      {
        "side": "sell",
        "layer": 879,
        "price": 63100.89,
        "qty": 4.75892,
        "cumulative": 55.56084
      },
      {
        "side": "sell",
        "layer": 912,
        "price": 63113.29,
        "qty": 4.75799,
        "cumulative": 60.31883
      }
    ]
  },
  "updatedAt": 1783337641838
}