{
  "symbol": "btcusdt",
  "timeframe": "1m",
  "candle": {
    "startTime": 1783336500000,
    "open": 62807.69,
    "high": 62819.86,
    "low": 62807.68,
    "close": 62807.68,
    "volume": 848,
    "direction": "down",
    "volatility": 12.180000000000291,
    "totalVolume": 848
  },
  "trades": {
    "count": 79116,
    "buyVolume": 176.1969199999695,
    "sellVolume": 195.7593399999664,
    "bigTrades": [
      {
        "price": 62859.14,
        "qty": 1.0194,
        "side": "sell",
        "value": 64078.607316,
        "time": 1783333103521
      },
      {
        "price": 62859.14,
        "qty": 0.98503,
        "side": "sell",
        "value": 61918.138674199996,
        "time": 1783333103792
      },
      {
        "price": 62856,
        "qty": 1.0194,
        "side": "buy",
        "value": 64075.40640000001,
        "time": 1783333143863
      },
      {
        "price": 62837.83,
        "qty": 1.01947,
        "side": "buy",
        "value": 64061.28255010001,
        "time": 1783333252137
      },
      {
        "price": 62876.57,
        "qty": 1.22566,
        "side": "buy",
        "value": 77065.2967862,
        "time": 1783333781160
      },
      {
        "price": 62876.57,
        "qty": 1.18937,
        "side": "buy",
        "value": 74783.5060609,
        "time": 1783333781161
      },
      {
        "price": 62883.53,
        "qty": 1.43429,
        "side": "buy",
        "value": 90193.2182437,
        "time": 1783333781194
      },
      {
        "price": 62883.54,
        "qty": 2.0898,
        "side": "buy",
        "value": 131414.021892,
        "time": 1783333781194
      },
      {
        "price": 62876,
        "qty": 0.96248,
        "side": "sell",
        "value": 60516.89248,
        "time": 1783333894957
      },
      {
        "price": 62882.02,
        "qty": 0.82074,
        "side": "buy",
        "value": 51609.7890948,
        "time": 1783333943400
      },
      {
        "price": 62979.04,
        "qty": 0.95754,
        "side": "sell",
        "value": 60304.949961599996,
        "time": 1783334049589
      },
      {
        "price": 62959.26,
        "qty": 0.80457,
        "side": "sell",
        "value": 50655.1318182,
        "time": 1783334302077
      },
      {
        "price": 62959.26,
        "qty": 1.8,
        "side": "sell",
        "value": 113326.668,
        "time": 1783334302077
      },
      {
        "price": 62959.26,
        "qty": 0.85232,
        "side": "sell",
        "value": 53661.4364832,
        "time": 1783334302078
      },
      {
        "price": 63025,
        "qty": 0.8507,
        "side": "sell",
        "value": 53615.3675,
        "time": 1783334389856
      },
      {
        "price": 63000,
        "qty": 1.01318,
        "side": "sell",
        "value": 63830.34,
        "time": 1783334434959
      },
      {
        "price": 62918.49,
        "qty": 1.0409,
        "side": "buy",
        "value": 65491.856240999994,
        "time": 1783334802646
      },
      {
        "price": 62894,
        "qty": 0.966,
        "side": "sell",
        "value": 60755.604,
        "time": 1783334929433
      },
      {
        "price": 62871.46,
        "qty": 4.21317,
        "side": "sell",
        "value": 264888.14912819996,
        "time": 1783334970246
      },
      {
        "price": 62827.8,
        "qty": 0.9888,
        "side": "buy",
        "value": 62124.12864,
        "time": 1783335003475
      },
      {
        "price": 62827.8,
        "qty": 3.18352,
        "side": "buy",
        "value": 200013.55785600003,
        "time": 1783335003477
      },
      {
        "price": 62833.43,
        "qty": 0.99935,
        "side": "buy",
        "value": 62792.5882705,
        "time": 1783335197280
      },
      {
        "price": 62840.01,
        "qty": 0.8167,
        "side": "buy",
        "value": 51321.436167,
        "time": 1783335224033
      },
      {
        "price": 62820,
        "qty": 3.18369,
        "side": "buy",
        "value": 199999.4058,
        "time": 1783335565420
      },
      {
        "price": 62871.03,
        "qty": 1.36622,
        "side": "sell",
        "value": 85895.6586066,
        "time": 1783335908214
      },
      {
        "price": 62870.71,
        "qty": 0.86668,
        "side": "sell",
        "value": 54488.7869428,
        "time": 1783335926908
      },
      {
        "price": 62870.71,
        "qty": 4.77182,
        "side": "sell",
        "value": 300007.71139219997,
        "time": 1783335928709
      },
      {
        "price": 62864.76,
        "qty": 0.91128,
        "side": "sell",
        "value": 57287.3984928,
        "time": 1783335983408
      },
      {
        "price": 62850.01,
        "qty": 0.84409,
        "side": "buy",
        "value": 53051.0649409,
        "time": 1783335991595
      },
      {
        "price": 62819.85,
        "qty": 0.87148,
        "side": "sell",
        "value": 54746.242878,
        "time": 1783336539602
      },
      {
        "price": 62819.85,
        "qty": 1.1893,
        "side": "sell",
        "value": 74711.647605,
        "time": 1783336539603
      }
    ]
  },
  "depthImportant": {
    "buys": [
      {
        "side": "buy",
        "layer": 1,
        "price": 62807.68,
        "qty": 2.7447,
        "cumulative": 2.7447
      },
      {
        "side": "buy",
        "layer": 13,
        "price": 62806.22,
        "qty": 0.1527,
        "cumulative": 3.75087
      },
      {
        "side": "buy",
        "layer": 19,
        "price": 62805,
        "qty": 0.16309,
        "cumulative": 3.59817
      },
      {
        "side": "buy",
        "layer": 30,
        "price": 62802.89,
        "qty": 0.21367,
        "cumulative": 3.43508
      },
      {
        "side": "buy",
        "layer": 48,
        "price": 62800.04,
        "qty": 0.47671,
        "cumulative": 3.22141
      },
      {
        "side": "buy",
        "layer": 51,
        "price": 62799.99,
        "qty": 1.10601,
        "cumulative": 8.0412
      },
      {
        "side": "buy",
        "layer": 54,
        "price": 62799.78,
        "qty": 0.66,
        "cumulative": 8.7012
      },
      {
        "side": "buy",
        "layer": 79,
        "price": 62797.13,
        "qty": 0.47671,
        "cumulative": 9.17791
      },
      {
        "side": "buy",
        "layer": 81,
        "price": 62797.09,
        "qty": 3.18432,
        "cumulative": 6.93519
      },
      {
        "side": "buy",
        "layer": 98,
        "price": 62794.47,
        "qty": 0.47671,
        "cumulative": 9.654620000000001
      },
      {
        "side": "buy",
        "layer": 104,
        "price": 62793.67,
        "qty": 1.14891,
        "cumulative": 17.17163
      },
      {
        "side": "buy",
        "layer": 109,
        "price": 62792.75,
        "qty": 0.80961,
        "cumulative": 19.07995
      },
      {
        "side": "buy",
        "layer": 110,
        "price": 62792.74,
        "qty": 3.1837,
        "cumulative": 16.02272
      },
      {
        "side": "buy",
        "layer": 164,
        "price": 62785.53,
        "qty": 1.09871,
        "cumulative": 18.27034
      },
      {
        "side": "buy",
        "layer": 165,
        "price": 62785.52,
        "qty": 3.1844,
        "cumulative": 12.839020000000001
      },
      {
        "side": "buy",
        "layer": 213,
        "price": 62779.35,
        "qty": 3.1844,
        "cumulative": 22.26435
      },
      {
        "side": "buy",
        "layer": 247,
        "price": 62775.14,
        "qty": 3.1844,
        "cumulative": 25.44875
      },
      {
        "side": "buy",
        "layer": 313,
        "price": 62767.18,
        "qty": 3.1837,
        "cumulative": 28.63245
      },
      {
        "side": "buy",
        "layer": 377,
        "price": 62759.22,
        "qty": 3.1837,
        "cumulative": 31.81615
      },
      {
        "side": "buy",
        "layer": 437,
        "price": 62751.26,
        "qty": 3.1837,
        "cumulative": 34.99985
      },
      {
        "side": "buy",
        "layer": 682,
        "price": 62712.35,
        "qty": 4.78841,
        "cumulative": 60.60194
      },
      {
        "side": "buy",
        "layer": 842,
        "price": 62680.85,
        "qty": 4.79091,
        "cumulative": 55.81353
      },
      {
        "side": "buy",
        "layer": 877,
        "price": 62673.06,
        "qty": 6.43939,
        "cumulative": 41.439240000000005
      },
      {
        "side": "buy",
        "layer": 880,
        "price": 62672.08,
        "qty": 4.79148,
        "cumulative": 51.02262
      },
      {
        "side": "buy",
        "layer": 907,
        "price": 62666.56,
        "qty": 4.7919,
        "cumulative": 46.23114
      }
    ],
    "sells": [
      {
        "side": "sell",
        "layer": 1,
        "price": 62807.69,
        "qty": 6.36216,
        "cumulative": 6.36216
      },
      {
        "side": "sell",
        "layer": 20,
        "price": 62813.97,
        "qty": 0.51465,
        "cumulative": 10.50817
      },
      {
        "side": "sell",
        "layer": 23,
        "price": 62814,
        "qty": 0.63638,
        "cumulative": 9.99352
      },
      {
        "side": "sell",
        "layer": 40,
        "price": 62815.74,
        "qty": 1.39031,
        "cumulative": 9.35714
      },
      {
        "side": "sell",
        "layer": 46,
        "price": 62816.69,
        "qty": 1.60467,
        "cumulative": 7.96683
      },
      {
        "side": "sell",
        "layer": 52,
        "price": 62817.26,
        "qty": 0.63568,
        "cumulative": 18.09752
      },
      {
        "side": "sell",
        "layer": 67,
        "price": 62818.9,
        "qty": 1.87721,
        "cumulative": 15.56908
      },
      {
        "side": "sell",
        "layer": 68,
        "price": 62818.91,
        "qty": 3.1837,
        "cumulative": 13.69187
      },
      {
        "side": "sell",
        "layer": 73,
        "price": 62819.82,
        "qty": 0.79687,
        "cumulative": 17.46184
      },
      {
        "side": "sell",
        "layer": 75,
        "price": 62819.85,
        "qty": 1.09589,
        "cumulative": 16.66497
      },
      {
        "side": "sell",
        "layer": 116,
        "price": 62825.53,
        "qty": 3.1837,
        "cumulative": 24.465539999999997
      },
      {
        "side": "sell",
        "layer": 143,
        "price": 62829.51,
        "qty": 1.75806,
        "cumulative": 29.4073
      },
      {
        "side": "sell",
        "layer": 153,
        "price": 62830.5,
        "qty": 3.1837,
        "cumulative": 27.64924
      },
      {
        "side": "sell",
        "layer": 178,
        "price": 62834.72,
        "qty": 3.18432,
        "cumulative": 21.28184
      },
      {
        "side": "sell",
        "layer": 183,
        "price": 62835.41,
        "qty": 1.57708,
        "cumulative": 30.984379999999998
      },
      {
        "side": "sell",
        "layer": 271,
        "price": 62849.6,
        "qty": 3.18471,
        "cumulative": 46.75415
      },
      {
        "side": "sell",
        "layer": 314,
        "price": 62856.24,
        "qty": 3.18471,
        "cumulative": 49.938860000000005
      },
      {
        "side": "sell",
        "layer": 349,
        "price": 62862.32,
        "qty": 3.76824,
        "cumulative": 43.56944
      },
      {
        "side": "sell",
        "layer": 402,
        "price": 62873.36,
        "qty": 4.77614,
        "cumulative": 35.76052
      },
      {
        "side": "sell",
        "layer": 467,
        "price": 62888.3,
        "qty": 4.04068,
        "cumulative": 39.8012
      },
      {
        "side": "sell",
        "layer": 607,
        "price": 62927.11,
        "qty": 4.77206,
        "cumulative": 60.911590000000004
      },
      {
        "side": "sell",
        "layer": 619,
        "price": 62931.48,
        "qty": 4.77173,
        "cumulative": 65.68332000000001
      },
      {
        "side": "sell",
        "layer": 676,
        "price": 62949.86,
        "qty": 4.77042,
        "cumulative": 70.45374000000001
      },
      {
        "side": "sell",
        "layer": 768,
        "price": 62978.26,
        "qty": 6.20067,
        "cumulative": 56.13953000000001
      },
      {
        "side": "sell",
        "layer": 791,
        "price": 62985.23,
        "qty": 4.76776,
        "cumulative": 75.2215
      }
    ]
  },
  "updatedAt": 1783336561112
}