{
  "symbol": "btcusdt",
  "timeframe": "1m",
  "candle": {
    "startTime": 1783337100000,
    "open": 62874,
    "high": 62890.01,
    "low": 62873.99,
    "close": 62880,
    "volume": 1026,
    "direction": "up",
    "volatility": 16.020000000004075,
    "totalVolume": 1026
  },
  "trades": {
    "count": 91883,
    "buyVolume": 217.64026999996318,
    "sellVolume": 208.6614199999612,
    "bigTrades": [
      {
        "price": 62859.14,
        "qty": 1.0194,
        "side": "sell",
        "value": 64078.607316,
        "time": 1783333103521
      },
      {
        "price": 62859.14,
        "qty": 0.98503,
        "side": "sell",
        "value": 61918.138674199996,
        "time": 1783333103792
      },
      {
        "price": 62856,
        "qty": 1.0194,
        "side": "buy",
        "value": 64075.40640000001,
        "time": 1783333143863
      },
      {
        "price": 62837.83,
        "qty": 1.01947,
        "side": "buy",
        "value": 64061.28255010001,
        "time": 1783333252137
      },
      {
        "price": 62876.57,
        "qty": 1.22566,
        "side": "buy",
        "value": 77065.2967862,
        "time": 1783333781160
      },
      {
        "price": 62876.57,
        "qty": 1.18937,
        "side": "buy",
        "value": 74783.5060609,
        "time": 1783333781161
      },
      {
        "price": 62883.53,
        "qty": 1.43429,
        "side": "buy",
        "value": 90193.2182437,
        "time": 1783333781194
      },
      {
        "price": 62883.54,
        "qty": 2.0898,
        "side": "buy",
        "value": 131414.021892,
        "time": 1783333781194
      },
      {
        "price": 62876,
        "qty": 0.96248,
        "side": "sell",
        "value": 60516.89248,
        "time": 1783333894957
      },
      {
        "price": 62882.02,
        "qty": 0.82074,
        "side": "buy",
        "value": 51609.7890948,
        "time": 1783333943400
      },
      {
        "price": 62979.04,
        "qty": 0.95754,
        "side": "sell",
        "value": 60304.949961599996,
        "time": 1783334049589
      },
      {
        "price": 62959.26,
        "qty": 0.80457,
        "side": "sell",
        "value": 50655.1318182,
        "time": 1783334302077
      },
      {
        "price": 62959.26,
        "qty": 1.8,
        "side": "sell",
        "value": 113326.668,
        "time": 1783334302077
      },
      {
        "price": 62959.26,
        "qty": 0.85232,
        "side": "sell",
        "value": 53661.4364832,
        "time": 1783334302078
      },
      {
        "price": 63025,
        "qty": 0.8507,
        "side": "sell",
        "value": 53615.3675,
        "time": 1783334389856
      },
      {
        "price": 63000,
        "qty": 1.01318,
        "side": "sell",
        "value": 63830.34,
        "time": 1783334434959
      },
      {
        "price": 62918.49,
        "qty": 1.0409,
        "side": "buy",
        "value": 65491.856240999994,
        "time": 1783334802646
      },
      {
        "price": 62894,
        "qty": 0.966,
        "side": "sell",
        "value": 60755.604,
        "time": 1783334929433
      },
      {
        "price": 62871.46,
        "qty": 4.21317,
        "side": "sell",
        "value": 264888.14912819996,
        "time": 1783334970246
      },
      {
        "price": 62827.8,
        "qty": 0.9888,
        "side": "buy",
        "value": 62124.12864,
        "time": 1783335003475
      },
      {
        "price": 62827.8,
        "qty": 3.18352,
        "side": "buy",
        "value": 200013.55785600003,
        "time": 1783335003477
      },
      {
        "price": 62833.43,
        "qty": 0.99935,
        "side": "buy",
        "value": 62792.5882705,
        "time": 1783335197280
      },
      {
        "price": 62840.01,
        "qty": 0.8167,
        "side": "buy",
        "value": 51321.436167,
        "time": 1783335224033
      },
      {
        "price": 62820,
        "qty": 3.18369,
        "side": "buy",
        "value": 199999.4058,
        "time": 1783335565420
      },
      {
        "price": 62871.03,
        "qty": 1.36622,
        "side": "sell",
        "value": 85895.6586066,
        "time": 1783335908214
      },
      {
        "price": 62870.71,
        "qty": 0.86668,
        "side": "sell",
        "value": 54488.7869428,
        "time": 1783335926908
      },
      {
        "price": 62870.71,
        "qty": 4.77182,
        "side": "sell",
        "value": 300007.71139219997,
        "time": 1783335928709
      },
      {
        "price": 62864.76,
        "qty": 0.91128,
        "side": "sell",
        "value": 57287.3984928,
        "time": 1783335983408
      },
      {
        "price": 62850.01,
        "qty": 0.84409,
        "side": "buy",
        "value": 53051.0649409,
        "time": 1783335991595
      },
      {
        "price": 62819.85,
        "qty": 0.87148,
        "side": "sell",
        "value": 54746.242878,
        "time": 1783336539602
      },
      {
        "price": 62819.85,
        "qty": 1.1893,
        "side": "sell",
        "value": 74711.647605,
        "time": 1783336539603
      },
      {
        "price": 62807.68,
        "qty": 0.83728,
        "side": "sell",
        "value": 52587.6143104,
        "time": 1783336572523
      },
      {
        "price": 62800,
        "qty": 1.13713,
        "side": "buy",
        "value": 71411.764,
        "time": 1783336689607
      },
      {
        "price": 62819.85,
        "qty": 1.18931,
        "side": "buy",
        "value": 74712.2758035,
        "time": 1783336751623
      },
      {
        "price": 62835.04,
        "qty": 1.20917,
        "side": "buy",
        "value": 75978.2453168,
        "time": 1783336781936
      },
      {
        "price": 62835.05,
        "qty": 3.18369,
        "side": "buy",
        "value": 200047.3203345,
        "time": 1783336781937
      },
      {
        "price": 62838.85,
        "qty": 1.29174,
        "side": "buy",
        "value": 81171.456099,
        "time": 1783336781941
      }
    ]
  },
  "depthImportant": {
    "buys": [
      {
        "side": "buy",
        "layer": 1,
        "price": 62880,
        "qty": 5.12862,
        "cumulative": 5.12862
      },
      {
        "side": "buy",
        "layer": 31,
        "price": 62874.9,
        "qty": 0.47671,
        "cumulative": 7.4758
      },
      {
        "side": "buy",
        "layer": 33,
        "price": 62874.82,
        "qty": 1.21047,
        "cumulative": 6.33909
      },
      {
        "side": "buy",
        "layer": 37,
        "price": 62874.51,
        "qty": 0.04,
        "cumulative": 7.5158
      },
      {
        "side": "buy",
        "layer": 43,
        "price": 62873.86,
        "qty": 0.66,
        "cumulative": 6.99909
      },
      {
        "side": "buy",
        "layer": 55,
        "price": 62872.39,
        "qty": 0.47773,
        "cumulative": 16.651149999999998
      },
      {
        "side": "buy",
        "layer": 56,
        "price": 62872.38,
        "qty": 0.59697,
        "cumulative": 16.173419999999997
      },
      {
        "side": "buy",
        "layer": 57,
        "price": 62872.35,
        "qty": 3.65727,
        "cumulative": 11.17307
      },
      {
        "side": "buy",
        "layer": 89,
        "price": 62868.65,
        "qty": 1.22242,
        "cumulative": 15.576449999999998
      },
      {
        "side": "buy",
        "layer": 100,
        "price": 62867.64,
        "qty": 3.18096,
        "cumulative": 14.354029999999998
      },
      {
        "side": "buy",
        "layer": 115,
        "price": 62865.72,
        "qty": 0.70925,
        "cumulative": 26.34576
      },
      {
        "side": "buy",
        "layer": 142,
        "price": 62862.58,
        "qty": 1.30915,
        "cumulative": 25.636509999999998
      },
      {
        "side": "buy",
        "layer": 143,
        "price": 62862.57,
        "qty": 3.17848,
        "cumulative": 23.00818
      },
      {
        "side": "buy",
        "layer": 188,
        "price": 62855.02,
        "qty": 1.31918,
        "cumulative": 24.32736
      },
      {
        "side": "buy",
        "layer": 189,
        "price": 62855.01,
        "qty": 3.17855,
        "cumulative": 19.8297
      },
      {
        "side": "buy",
        "layer": 330,
        "price": 62832.4,
        "qty": 3.18015,
        "cumulative": 42.07556999999999
      },
      {
        "side": "buy",
        "layer": 375,
        "price": 62824.86,
        "qty": 3.18015,
        "cumulative": 45.25571999999999
      },
      {
        "side": "buy",
        "layer": 441,
        "price": 62812.06,
        "qty": 3.99644,
        "cumulative": 35.123599999999996
      },
      {
        "side": "buy",
        "layer": 481,
        "price": 62803.56,
        "qty": 4.7814,
        "cumulative": 31.127159999999996
      },
      {
        "side": "buy",
        "layer": 483,
        "price": 62802.72,
        "qty": 3.77182,
        "cumulative": 38.895419999999994
      },
      {
        "side": "buy",
        "layer": 688,
        "price": 62758.15,
        "qty": 4.78491,
        "cumulative": 70.95179999999999
      },
      {
        "side": "buy",
        "layer": 807,
        "price": 62736.06,
        "qty": 4.78655,
        "cumulative": 66.16689
      },
      {
        "side": "buy",
        "layer": 813,
        "price": 62734.86,
        "qty": 6.54775,
        "cumulative": 51.80346999999999
      },
      {
        "side": "buy",
        "layer": 839,
        "price": 62729.95,
        "qty": 4.78701,
        "cumulative": 61.38033999999999
      },
      {
        "side": "buy",
        "layer": 991,
        "price": 62692.64,
        "qty": 4.78986,
        "cumulative": 56.59332999999999
      }
    ],
    "sells": [
      {
        "side": "sell",
        "layer": 1,
        "price": 62880.01,
        "qty": 1.69282,
        "cumulative": 1.69282
      },
      {
        "side": "sell",
        "layer": 11,
        "price": 62880.84,
        "qty": 0.52579,
        "cumulative": 2.93501
      },
      {
        "side": "sell",
        "layer": 34,
        "price": 62885.99,
        "qty": 0.51475,
        "cumulative": 3.4497600000000004
      },
      {
        "side": "sell",
        "layer": 38,
        "price": 62886.26,
        "qty": 0.41415,
        "cumulative": 3.8639100000000006
      },
      {
        "side": "sell",
        "layer": 48,
        "price": 62887.98,
        "qty": 0.7164,
        "cumulative": 2.40922
      },
      {
        "side": "sell",
        "layer": 51,
        "price": 62888.28,
        "qty": 0.47671,
        "cumulative": 6.087340000000001
      },
      {
        "side": "sell",
        "layer": 61,
        "price": 62889.5,
        "qty": 0.57298,
        "cumulative": 5.037670000000001
      },
      {
        "side": "sell",
        "layer": 70,
        "price": 62890.87,
        "qty": 0.47671,
        "cumulative": 6.564050000000001
      },
      {
        "side": "sell",
        "layer": 86,
        "price": 62892.1,
        "qty": 0.60078,
        "cumulative": 4.464690000000001
      },
      {
        "side": "sell",
        "layer": 87,
        "price": 62892.11,
        "qty": 0.57296,
        "cumulative": 5.610630000000001
      },
      {
        "side": "sell",
        "layer": 139,
        "price": 62897.85,
        "qty": 3.18066,
        "cumulative": 9.744710000000001
      },
      {
        "side": "sell",
        "layer": 161,
        "price": 62901.7,
        "qty": 3.18015,
        "cumulative": 12.92486
      },
      {
        "side": "sell",
        "layer": 179,
        "price": 62904.23,
        "qty": 1.61343,
        "cumulative": 19.55088
      },
      {
        "side": "sell",
        "layer": 187,
        "price": 62905.81,
        "qty": 3.18015,
        "cumulative": 16.10501
      },
      {
        "side": "sell",
        "layer": 196,
        "price": 62906.85,
        "qty": 1.83244,
        "cumulative": 17.93745
      },
      {
        "side": "sell",
        "layer": 219,
        "price": 62909.65,
        "qty": 3.17962,
        "cumulative": 36.035709999999995
      },
      {
        "side": "sell",
        "layer": 340,
        "price": 62929.57,
        "qty": 3.18096,
        "cumulative": 26.49487
      },
      {
        "side": "sell",
        "layer": 389,
        "price": 62936.72,
        "qty": 3.18056,
        "cumulative": 32.856089999999995
      },
      {
        "side": "sell",
        "layer": 424,
        "price": 62944.27,
        "qty": 3.18066,
        "cumulative": 29.67553
      },
      {
        "side": "sell",
        "layer": 440,
        "price": 62949.38,
        "qty": 3.76303,
        "cumulative": 23.31391
      },
      {
        "side": "sell",
        "layer": 590,
        "price": 62979.41,
        "qty": 4.76805,
        "cumulative": 47.06337
      },
      {
        "side": "sell",
        "layer": 626,
        "price": 62987.32,
        "qty": 4.76745,
        "cumulative": 51.83082
      },
      {
        "side": "sell",
        "layer": 637,
        "price": 62990.29,
        "qty": 4.76723,
        "cumulative": 56.59805
      },
      {
        "side": "sell",
        "layer": 695,
        "price": 63005.43,
        "qty": 4.76608,
        "cumulative": 61.36413
      },
      {
        "side": "sell",
        "layer": 875,
        "price": 63040.45,
        "qty": 6.25961,
        "cumulative": 42.29532
      }
    ]
  },
  "updatedAt": 1783337161001
}