{
  "symbol": "btcusdt",
  "timeframe": "1m",
  "candle": {
    "startTime": 1783339800000,
    "open": 61992,
    "high": 62019.98,
    "low": 61928.49,
    "close": 61928.49,
    "volume": 6301,
    "direction": "down",
    "volatility": 91.49000000000524,
    "totalVolume": 6301
  },
  "trades": {
    "count": 17780,
    "buyVolume": 108.87869000000042,
    "sellVolume": 71.25658000000085,
    "bigTrades": [
      {
        "price": 62045,
        "qty": 4.387,
        "side": "sell",
        "value": 272191.415,
        "time": 1783339712971
      },
      {
        "price": 62024,
        "qty": 4.90175,
        "side": "sell",
        "value": 304026.142,
        "time": 1783339720029
      },
      {
        "price": 62000,
        "qty": 0.82657,
        "side": "sell",
        "value": 51247.340000000004,
        "time": 1783339720703
      },
      {
        "price": 62000,
        "qty": 4.68593,
        "side": "sell",
        "value": 290527.66,
        "time": 1783339720708
      },
      {
        "price": 62000,
        "qty": 1.59426,
        "side": "buy",
        "value": 98844.12,
        "time": 1783339738623
      },
      {
        "price": 62000,
        "qty": 0.99676,
        "side": "buy",
        "value": 61799.119999999995,
        "time": 1783339738624
      },
      {
        "price": 62000,
        "qty": 1.9007,
        "side": "buy",
        "value": 117843.40000000001,
        "time": 1783339738625
      },
      {
        "price": 62000,
        "qty": 0.96223,
        "side": "buy",
        "value": 59658.26,
        "time": 1783339738631
      },
      {
        "price": 62000,
        "qty": 3.10638,
        "side": "buy",
        "value": 192595.56,
        "time": 1783339738639
      },
      {
        "price": 62000,
        "qty": 0.90983,
        "side": "buy",
        "value": 56409.46,
        "time": 1783339738639
      },
      {
        "price": 62000,
        "qty": 0.81252,
        "side": "buy",
        "value": 50376.24,
        "time": 1783339738640
      },
      {
        "price": 62000,
        "qty": 0.83591,
        "side": "buy",
        "value": 51826.420000000006,
        "time": 1783339738641
      },
      {
        "price": 62000,
        "qty": 0.85324,
        "side": "buy",
        "value": 52900.88,
        "time": 1783339738644
      },
      {
        "price": 62000,
        "qty": 0.8745,
        "side": "buy",
        "value": 54219,
        "time": 1783339738646
      },
      {
        "price": 62000,
        "qty": 17.87495,
        "side": "buy",
        "value": 1108246.9,
        "time": 1783339738652
      },
      {
        "price": 62000,
        "qty": 1.06714,
        "side": "buy",
        "value": 66162.68,
        "time": 1783339738653
      },
      {
        "price": 62000,
        "qty": 1.48184,
        "side": "buy",
        "value": 91874.08,
        "time": 1783339738654
      },
      {
        "price": 62003.98,
        "qty": 1.01948,
        "side": "buy",
        "value": 63211.817530399996,
        "time": 1783339742430
      },
      {
        "price": 62004,
        "qty": 2.74118,
        "side": "sell",
        "value": 169964.12472,
        "time": 1783339743328
      },
      {
        "price": 62004,
        "qty": 1.0194,
        "side": "sell",
        "value": 63206.87760000001,
        "time": 1783339743328
      },
      {
        "price": 62018,
        "qty": 4.5807,
        "side": "sell",
        "value": 284085.85260000004,
        "time": 1783339775849
      },
      {
        "price": 61999.99,
        "qty": 0.842,
        "side": "buy",
        "value": 52203.991579999994,
        "time": 1783339805453
      },
      {
        "price": 61999.99,
        "qty": 1.01947,
        "side": "buy",
        "value": 63207.12980530001,
        "time": 1783339805554
      },
      {
        "price": 62000,
        "qty": 1,
        "side": "buy",
        "value": 62000,
        "time": 1783339805559
      },
      {
        "price": 61981,
        "qty": 1.90819,
        "side": "sell",
        "value": 118271.52439,
        "time": 1783339816020
      },
      {
        "price": 61981,
        "qty": 1.22596,
        "side": "sell",
        "value": 75986.22675999999,
        "time": 1783339816020
      },
      {
        "price": 61981,
        "qty": 1.01102,
        "side": "sell",
        "value": 62664.030620000005,
        "time": 1783339816020
      },
      {
        "price": 61928.49,
        "qty": 1.1167,
        "side": "sell",
        "value": 69155.544783,
        "time": 1783339856319
      },
      {
        "price": 61928.49,
        "qty": 0.98778,
        "side": "sell",
        "value": 61171.7238522,
        "time": 1783339859863
      }
    ]
  },
  "depthImportant": {
    "buys": [
      {
        "side": "buy",
        "layer": 1,
        "price": 61928.49,
        "qty": 1.6662,
        "cumulative": 1.6662
      },
      {
        "side": "buy",
        "layer": 8,
        "price": 61927.59,
        "qty": 0.03557,
        "cumulative": 1.88592
      },
      {
        "side": "buy",
        "layer": 17,
        "price": 61924.91,
        "qty": 0.04931,
        "cumulative": 1.80256
      },
      {
        "side": "buy",
        "layer": 37,
        "price": 61920,
        "qty": 0.04779,
        "cumulative": 1.85035
      },
      {
        "side": "buy",
        "layer": 48,
        "price": 61917.67,
        "qty": 0.08705,
        "cumulative": 1.75325
      },
      {
        "side": "buy",
        "layer": 54,
        "price": 61916.74,
        "qty": 0.225,
        "cumulative": 2.9892800000000004
      },
      {
        "side": "buy",
        "layer": 57,
        "price": 61916.13,
        "qty": 0.08773,
        "cumulative": 3.4023500000000007
      },
      {
        "side": "buy",
        "layer": 62,
        "price": 61915.86,
        "qty": 0.10034,
        "cumulative": 3.3146200000000006
      },
      {
        "side": "buy",
        "layer": 94,
        "price": 61910.54,
        "qty": 0.87836,
        "cumulative": 2.7642800000000003
      },
      {
        "side": "buy",
        "layer": 95,
        "price": 61910.53,
        "qty": 0.225,
        "cumulative": 3.2142800000000005
      },
      {
        "side": "buy",
        "layer": 109,
        "price": 61908.81,
        "qty": 0.87067,
        "cumulative": 6.27266
      },
      {
        "side": "buy",
        "layer": 130,
        "price": 61905.47,
        "qty": 0.87067,
        "cumulative": 7.143330000000001
      },
      {
        "side": "buy",
        "layer": 144,
        "price": 61902.76,
        "qty": 0.87067,
        "cumulative": 8.014000000000001
      },
      {
        "side": "buy",
        "layer": 185,
        "price": 61895.87,
        "qty": 0.87552,
        "cumulative": 5.4019900000000005
      },
      {
        "side": "buy",
        "layer": 188,
        "price": 61895.47,
        "qty": 1.12412,
        "cumulative": 4.526470000000001
      },
      {
        "side": "buy",
        "layer": 231,
        "price": 61888.14,
        "qty": 3.19576,
        "cumulative": 29.366529999999997
      },
      {
        "side": "buy",
        "layer": 392,
        "price": 61853.43,
        "qty": 4.85485,
        "cumulative": 22.582949999999997
      },
      {
        "side": "buy",
        "layer": 408,
        "price": 61848.57,
        "qty": 3.58782,
        "cumulative": 26.170769999999997
      },
      {
        "side": "buy",
        "layer": 454,
        "price": 61833.98,
        "qty": 4.85638,
        "cumulative": 17.728099999999998
      },
      {
        "side": "buy",
        "layer": 496,
        "price": 61818.05,
        "qty": 4.85772,
        "cumulative": 12.87172
      },
      {
        "side": "buy",
        "layer": 911,
        "price": 60000,
        "qty": 624.53662,
        "cumulative": 653.90315
      },
      {
        "side": "buy",
        "layer": 949,
        "price": 58000,
        "qty": 111.74114,
        "cumulative": 1400.80293
      },
      {
        "side": "buy",
        "layer": 956,
        "price": 57500,
        "qty": 176.99524,
        "cumulative": 1289.06179
      },
      {
        "side": "buy",
        "layer": 962,
        "price": 57000,
        "qty": 253.66021,
        "cumulative": 907.56336
      },
      {
        "side": "buy",
        "layer": 969,
        "price": 56000,
        "qty": 204.50319,
        "cumulative": 1112.06655
      }
    ],
    "sells": [
      {
        "side": "sell",
        "layer": 1,
        "price": 61928.5,
        "qty": 7.44894,
        "cumulative": 7.44894
      },
      {
        "side": "sell",
        "layer": 4,
        "price": 61929.08,
        "qty": 1.06774,
        "cumulative": 16.216430000000003
      },
      {
        "side": "sell",
        "layer": 5,
        "price": 61929.09,
        "qty": 3.22989,
        "cumulative": 10.678830000000001
      },
      {
        "side": "sell",
        "layer": 38,
        "price": 61935.92,
        "qty": 1.24033,
        "cumulative": 15.148690000000002
      },
      {
        "side": "sell",
        "layer": 39,
        "price": 61935.93,
        "qty": 3.22953,
        "cumulative": 13.908360000000002
      },
      {
        "side": "sell",
        "layer": 54,
        "price": 61938.05,
        "qty": 1.3833,
        "cumulative": 24.058790000000002
      },
      {
        "side": "sell",
        "layer": 67,
        "price": 61939.95,
        "qty": 0.87067,
        "cumulative": 26.294760000000004
      },
      {
        "side": "sell",
        "layer": 69,
        "price": 61940.28,
        "qty": 3.22953,
        "cumulative": 19.445960000000003
      },
      {
        "side": "sell",
        "layer": 94,
        "price": 61944.23,
        "qty": 1.3653,
        "cumulative": 25.424090000000003
      },
      {
        "side": "sell",
        "layer": 95,
        "price": 61944.24,
        "qty": 3.22953,
        "cumulative": 22.675490000000003
      },
      {
        "side": "sell",
        "layer": 125,
        "price": 61948.01,
        "qty": 3.22929,
        "cumulative": 48.042320000000004
      },
      {
        "side": "sell",
        "layer": 158,
        "price": 61952.4,
        "qty": 3.22929,
        "cumulative": 51.27161
      },
      {
        "side": "sell",
        "layer": 180,
        "price": 61956.42,
        "qty": 3.22929,
        "cumulative": 54.5009
      },
      {
        "side": "sell",
        "layer": 192,
        "price": 61958.35,
        "qty": 4.39857,
        "cumulative": 44.813030000000005
      },
      {
        "side": "sell",
        "layer": 193,
        "price": 61958.36,
        "qty": 14.1197,
        "cumulative": 40.414460000000005
      },
      {
        "side": "sell",
        "layer": 372,
        "price": 61989.15,
        "qty": 4.84422,
        "cumulative": 59.34512
      },
      {
        "side": "sell",
        "layer": 424,
        "price": 61999.71,
        "qty": 3.57907,
        "cumulative": 71.60472999999999
      },
      {
        "side": "sell",
        "layer": 426,
        "price": 62000.11,
        "qty": 3.57037,
        "cumulative": 75.17509999999999
      },
      {
        "side": "sell",
        "layer": 430,
        "price": 62001.43,
        "qty": 4.84326,
        "cumulative": 64.18838
      },
      {
        "side": "sell",
        "layer": 462,
        "price": 62008.13,
        "qty": 3.83728,
        "cumulative": 68.02565999999999
      },
      {
        "side": "sell",
        "layer": 607,
        "price": 62051.12,
        "qty": 4.83938,
        "cumulative": 86.36939999999998
      },
      {
        "side": "sell",
        "layer": 729,
        "price": 62083.86,
        "qty": 4.83683,
        "cumulative": 91.20622999999999
      },
      {
        "side": "sell",
        "layer": 770,
        "price": 62097.34,
        "qty": 6.35492,
        "cumulative": 81.53001999999998
      },
      {
        "side": "sell",
        "layer": 837,
        "price": 62136.22,
        "qty": 4.83276,
        "cumulative": 96.03898999999998
      },
      {
        "side": "sell",
        "layer": 903,
        "price": 62181.76,
        "qty": 4.82922,
        "cumulative": 100.86820999999999
      }
    ]
  },
  "updatedAt": 1783339860798
}