{
  "symbol": "btcusdt",
  "timeframe": "1m",
  "candle": {
    "startTime": 1783336140000,
    "open": 62833.21,
    "high": 62833.21,
    "low": 62812,
    "close": 62812,
    "volume": 1011,
    "direction": "down",
    "volatility": 21.209999999999127,
    "totalVolume": 1011
  },
  "trades": {
    "count": 75229,
    "buyVolume": 170.11862999997112,
    "sellVolume": 179.81768999996777,
    "bigTrades": [
      {
        "price": 62859.14,
        "qty": 1.0194,
        "side": "sell",
        "value": 64078.607316,
        "time": 1783333103521
      },
      {
        "price": 62859.14,
        "qty": 0.98503,
        "side": "sell",
        "value": 61918.138674199996,
        "time": 1783333103792
      },
      {
        "price": 62856,
        "qty": 1.0194,
        "side": "buy",
        "value": 64075.40640000001,
        "time": 1783333143863
      },
      {
        "price": 62837.83,
        "qty": 1.01947,
        "side": "buy",
        "value": 64061.28255010001,
        "time": 1783333252137
      },
      {
        "price": 62876.57,
        "qty": 1.22566,
        "side": "buy",
        "value": 77065.2967862,
        "time": 1783333781160
      },
      {
        "price": 62876.57,
        "qty": 1.18937,
        "side": "buy",
        "value": 74783.5060609,
        "time": 1783333781161
      },
      {
        "price": 62883.53,
        "qty": 1.43429,
        "side": "buy",
        "value": 90193.2182437,
        "time": 1783333781194
      },
      {
        "price": 62883.54,
        "qty": 2.0898,
        "side": "buy",
        "value": 131414.021892,
        "time": 1783333781194
      },
      {
        "price": 62876,
        "qty": 0.96248,
        "side": "sell",
        "value": 60516.89248,
        "time": 1783333894957
      },
      {
        "price": 62882.02,
        "qty": 0.82074,
        "side": "buy",
        "value": 51609.7890948,
        "time": 1783333943400
      },
      {
        "price": 62979.04,
        "qty": 0.95754,
        "side": "sell",
        "value": 60304.949961599996,
        "time": 1783334049589
      },
      {
        "price": 62959.26,
        "qty": 0.80457,
        "side": "sell",
        "value": 50655.1318182,
        "time": 1783334302077
      },
      {
        "price": 62959.26,
        "qty": 1.8,
        "side": "sell",
        "value": 113326.668,
        "time": 1783334302077
      },
      {
        "price": 62959.26,
        "qty": 0.85232,
        "side": "sell",
        "value": 53661.4364832,
        "time": 1783334302078
      },
      {
        "price": 63025,
        "qty": 0.8507,
        "side": "sell",
        "value": 53615.3675,
        "time": 1783334389856
      },
      {
        "price": 63000,
        "qty": 1.01318,
        "side": "sell",
        "value": 63830.34,
        "time": 1783334434959
      },
      {
        "price": 62918.49,
        "qty": 1.0409,
        "side": "buy",
        "value": 65491.856240999994,
        "time": 1783334802646
      },
      {
        "price": 62894,
        "qty": 0.966,
        "side": "sell",
        "value": 60755.604,
        "time": 1783334929433
      },
      {
        "price": 62871.46,
        "qty": 4.21317,
        "side": "sell",
        "value": 264888.14912819996,
        "time": 1783334970246
      },
      {
        "price": 62827.8,
        "qty": 0.9888,
        "side": "buy",
        "value": 62124.12864,
        "time": 1783335003475
      },
      {
        "price": 62827.8,
        "qty": 3.18352,
        "side": "buy",
        "value": 200013.55785600003,
        "time": 1783335003477
      },
      {
        "price": 62833.43,
        "qty": 0.99935,
        "side": "buy",
        "value": 62792.5882705,
        "time": 1783335197280
      },
      {
        "price": 62840.01,
        "qty": 0.8167,
        "side": "buy",
        "value": 51321.436167,
        "time": 1783335224033
      },
      {
        "price": 62820,
        "qty": 3.18369,
        "side": "buy",
        "value": 199999.4058,
        "time": 1783335565420
      },
      {
        "price": 62871.03,
        "qty": 1.36622,
        "side": "sell",
        "value": 85895.6586066,
        "time": 1783335908214
      },
      {
        "price": 62870.71,
        "qty": 0.86668,
        "side": "sell",
        "value": 54488.7869428,
        "time": 1783335926908
      },
      {
        "price": 62870.71,
        "qty": 4.77182,
        "side": "sell",
        "value": 300007.71139219997,
        "time": 1783335928709
      },
      {
        "price": 62864.76,
        "qty": 0.91128,
        "side": "sell",
        "value": 57287.3984928,
        "time": 1783335983408
      },
      {
        "price": 62850.01,
        "qty": 0.84409,
        "side": "buy",
        "value": 53051.0649409,
        "time": 1783335991595
      }
    ]
  },
  "depthImportant": {
    "buys": [
      {
        "side": "buy",
        "layer": 1,
        "price": 62812,
        "qty": 1.42728,
        "cumulative": 1.42728
      },
      {
        "side": "buy",
        "layer": 13,
        "price": 62810,
        "qty": 0.0356,
        "cumulative": 1.72458
      },
      {
        "side": "buy",
        "layer": 31,
        "price": 62806.56,
        "qty": 0.04191,
        "cumulative": 1.68898
      },
      {
        "side": "buy",
        "layer": 36,
        "price": 62805.8,
        "qty": 0.08989,
        "cumulative": 1.64707
      },
      {
        "side": "buy",
        "layer": 38,
        "price": 62805.76,
        "qty": 0.1299,
        "cumulative": 1.55718
      },
      {
        "side": "buy",
        "layer": 52,
        "price": 62804.85,
        "qty": 0.08988,
        "cumulative": 3.3167500000000003
      },
      {
        "side": "buy",
        "layer": 60,
        "price": 62804.2,
        "qty": 0.08988,
        "cumulative": 3.4066300000000003
      },
      {
        "side": "buy",
        "layer": 79,
        "price": 62802.35,
        "qty": 0.0899,
        "cumulative": 3.2268700000000003
      },
      {
        "side": "buy",
        "layer": 89,
        "price": 62801.8,
        "qty": 1.18739,
        "cumulative": 2.91197
      },
      {
        "side": "buy",
        "layer": 90,
        "price": 62801.42,
        "qty": 0.225,
        "cumulative": 3.1369700000000003
      },
      {
        "side": "buy",
        "layer": 102,
        "price": 62800.04,
        "qty": 3.1842,
        "cumulative": 6.59083
      },
      {
        "side": "buy",
        "layer": 135,
        "price": 62796.82,
        "qty": 1.19405,
        "cumulative": 16.151989999999998
      },
      {
        "side": "buy",
        "layer": 143,
        "price": 62795.81,
        "qty": 3.18142,
        "cumulative": 12.95554
      },
      {
        "side": "buy",
        "layer": 176,
        "price": 62790.53,
        "qty": 2.0024,
        "cumulative": 14.957939999999999
      },
      {
        "side": "buy",
        "layer": 177,
        "price": 62790.52,
        "qty": 3.18329,
        "cumulative": 9.77412
      },
      {
        "side": "buy",
        "layer": 280,
        "price": 62778.06,
        "qty": 3.18217,
        "cumulative": 28.884169999999994
      },
      {
        "side": "buy",
        "layer": 306,
        "price": 62772.86,
        "qty": 3.18217,
        "cumulative": 32.06634
      },
      {
        "side": "buy",
        "layer": 365,
        "price": 62764.9,
        "qty": 3.18303,
        "cumulative": 25.701999999999995
      },
      {
        "side": "buy",
        "layer": 419,
        "price": 62756.94,
        "qty": 3.18339,
        "cumulative": 22.518969999999996
      },
      {
        "side": "buy",
        "layer": 467,
        "price": 62749.34,
        "qty": 3.18359,
        "cumulative": 19.335579999999997
      },
      {
        "side": "buy",
        "layer": 681,
        "price": 62712.35,
        "qty": 4.78841,
        "cumulative": 57.87173999999999
      },
      {
        "side": "buy",
        "layer": 831,
        "price": 62680.85,
        "qty": 4.79091,
        "cumulative": 53.08332999999999
      },
      {
        "side": "buy",
        "layer": 913,
        "price": 62661.55,
        "qty": 4.79239,
        "cumulative": 48.29241999999999
      },
      {
        "side": "buy",
        "layer": 931,
        "price": 62657.11,
        "qty": 6.6409,
        "cumulative": 38.70724
      },
      {
        "side": "buy",
        "layer": 944,
        "price": 62654.91,
        "qty": 4.79279,
        "cumulative": 43.500029999999995
      }
    ],
    "sells": [
      {
        "side": "sell",
        "layer": 1,
        "price": 62812.01,
        "qty": 6.34333,
        "cumulative": 6.34333
      },
      {
        "side": "sell",
        "layer": 13,
        "price": 62813.36,
        "qty": 0.65657,
        "cumulative": 10.169559999999999
      },
      {
        "side": "sell",
        "layer": 21,
        "price": 62815.89,
        "qty": 0.84433,
        "cumulative": 8.792349999999999
      },
      {
        "side": "sell",
        "layer": 27,
        "price": 62816.09,
        "qty": 1.60469,
        "cumulative": 7.94802
      },
      {
        "side": "sell",
        "layer": 47,
        "price": 62820.26,
        "qty": 0.72064,
        "cumulative": 9.512989999999999
      },
      {
        "side": "sell",
        "layer": 56,
        "price": 62821.98,
        "qty": 1.96401,
        "cumulative": 18.829610000000002
      },
      {
        "side": "sell",
        "layer": 57,
        "price": 62822,
        "qty": 3.50759,
        "cumulative": 13.67715
      },
      {
        "side": "sell",
        "layer": 66,
        "price": 62822.92,
        "qty": 0.79684,
        "cumulative": 21.0882
      },
      {
        "side": "sell",
        "layer": 86,
        "price": 62825.99,
        "qty": 1.46175,
        "cumulative": 20.29136
      },
      {
        "side": "sell",
        "layer": 88,
        "price": 62826.01,
        "qty": 3.18845,
        "cumulative": 16.8656
      },
      {
        "side": "sell",
        "layer": 114,
        "price": 62829.94,
        "qty": 3.18339,
        "cumulative": 24.27159
      },
      {
        "side": "sell",
        "layer": 144,
        "price": 62833.83,
        "qty": 3.18339,
        "cumulative": 27.45498
      },
      {
        "side": "sell",
        "layer": 156,
        "price": 62835.94,
        "qty": 1.61657,
        "cumulative": 35.43761
      },
      {
        "side": "sell",
        "layer": 170,
        "price": 62837.98,
        "qty": 3.18303,
        "cumulative": 30.638009999999998
      },
      {
        "side": "sell",
        "layer": 190,
        "price": 62842.06,
        "qty": 3.18303,
        "cumulative": 33.821039999999996
      },
      {
        "side": "sell",
        "layer": 214,
        "price": 62845.84,
        "qty": 3.18303,
        "cumulative": 52.70818
      },
      {
        "side": "sell",
        "layer": 274,
        "price": 62856.24,
        "qty": 3.1839,
        "cumulative": 49.52515
      },
      {
        "side": "sell",
        "layer": 288,
        "price": 62858.97,
        "qty": 3.76844,
        "cumulative": 43.157149999999994
      },
      {
        "side": "sell",
        "layer": 303,
        "price": 62862.62,
        "qty": 3.1841,
        "cumulative": 46.341249999999995
      },
      {
        "side": "sell",
        "layer": 443,
        "price": 62888.39,
        "qty": 3.9511,
        "cumulative": 39.388709999999996
      },
      {
        "side": "sell",
        "layer": 623,
        "price": 62938.67,
        "qty": 4.77119,
        "cumulative": 63.68004
      },
      {
        "side": "sell",
        "layer": 679,
        "price": 62957.04,
        "qty": 4.76979,
        "cumulative": 68.44982999999999
      },
      {
        "side": "sell",
        "layer": 703,
        "price": 62963.09,
        "qty": 6.20067,
        "cumulative": 58.90885
      },
      {
        "side": "sell",
        "layer": 777,
        "price": 62985.23,
        "qty": 4.76776,
        "cumulative": 73.21758999999999
      },
      {
        "side": "sell",
        "layer": 884,
        "price": 63019.22,
        "qty": 4.7652,
        "cumulative": 77.98279
      }
    ]
  },
  "updatedAt": 1783336200392
}