{
  "symbol": "btcusdt",
  "timeframe": "1m",
  "candle": {
    "startTime": 1783322700000,
    "open": 63000.16,
    "high": 63013.49,
    "low": 63000.16,
    "close": 63013.49,
    "volume": 1087,
    "direction": "up",
    "volatility": 13.32999999999447,
    "totalVolume": 1087
  },
  "trades": {
    "count": 11986,
    "buyVolume": 54.09316999999772,
    "sellVolume": 26.526680000000766,
    "bigTrades": [
      {
        "price": 62971.93,
        "qty": 0.9125,
        "side": "buy",
        "value": 57461.886125,
        "time": 1783322265457
      },
      {
        "price": 62975,
        "qty": 5.9431,
        "side": "sell",
        "value": 374266.72250000003,
        "time": 1783322323640
      },
      {
        "price": 62988,
        "qty": 0.80412,
        "side": "sell",
        "value": 50649.91056,
        "time": 1783322413832
      },
      {
        "price": 62986.01,
        "qty": 0.91429,
        "side": "buy",
        "value": 57587.479082900005,
        "time": 1783322417397
      },
      {
        "price": 62986.01,
        "qty": 0.80276,
        "side": "buy",
        "value": 50562.6493876,
        "time": 1783322417397
      },
      {
        "price": 62986.01,
        "qty": 1.90325,
        "side": "buy",
        "value": 119878.12353250002,
        "time": 1783322417397
      },
      {
        "price": 62986.11,
        "qty": 0.8797,
        "side": "buy",
        "value": 55408.880967000005,
        "time": 1783322448705
      },
      {
        "price": 62986.11,
        "qty": 1.10554,
        "side": "buy",
        "value": 69633.6640494,
        "time": 1783322448707
      },
      {
        "price": 62976.01,
        "qty": 0.85195,
        "side": "buy",
        "value": 53652.4117195,
        "time": 1783322478452
      },
      {
        "price": 62990.01,
        "qty": 1.00001,
        "side": "buy",
        "value": 62990.6399001,
        "time": 1783322483495
      },
      {
        "price": 63000,
        "qty": 0.87275,
        "side": "buy",
        "value": 54983.25,
        "time": 1783322495077
      },
      {
        "price": 63022.15,
        "qty": 1.10502,
        "side": "buy",
        "value": 69640.73619299999,
        "time": 1783322541954
      },
      {
        "price": 63000.16,
        "qty": 0.802,
        "side": "buy",
        "value": 50526.12832,
        "time": 1783322658223
      }
    ]
  },
  "depthImportant": {
    "buys": [
      {
        "side": "buy",
        "layer": 1,
        "price": 63013.48,
        "qty": 1.46231,
        "cumulative": 1.46231
      },
      {
        "side": "buy",
        "layer": 9,
        "price": 63013.01,
        "qty": 0.09739,
        "cumulative": 1.5597
      },
      {
        "side": "buy",
        "layer": 17,
        "price": 63011.75,
        "qty": 0.04127,
        "cumulative": 1.7032900000000002
      },
      {
        "side": "buy",
        "layer": 24,
        "price": 63010.89,
        "qty": 0.05116,
        "cumulative": 1.6108600000000002
      },
      {
        "side": "buy",
        "layer": 44,
        "price": 63007.73,
        "qty": 0.05116,
        "cumulative": 1.6620200000000003
      },
      {
        "side": "buy",
        "layer": 57,
        "price": 63006.28,
        "qty": 0.31678,
        "cumulative": 2.7899300000000005
      },
      {
        "side": "buy",
        "layer": 58,
        "price": 63006.27,
        "qty": 0.38096,
        "cumulative": 2.4731500000000004
      },
      {
        "side": "buy",
        "layer": 78,
        "price": 63003.37,
        "qty": 0.21686,
        "cumulative": 3.2317900000000006
      },
      {
        "side": "buy",
        "layer": 80,
        "price": 63003.35,
        "qty": 0.3889,
        "cumulative": 2.0921900000000004
      },
      {
        "side": "buy",
        "layer": 84,
        "price": 63002.85,
        "qty": 0.225,
        "cumulative": 3.0149300000000006
      },
      {
        "side": "buy",
        "layer": 115,
        "price": 63000,
        "qty": 3.09979,
        "cumulative": 6.331580000000001
      },
      {
        "side": "buy",
        "layer": 141,
        "price": 62996.24,
        "qty": 1.65798,
        "cumulative": 11.79606
      },
      {
        "side": "buy",
        "layer": 143,
        "price": 62996.19,
        "qty": 1.90325,
        "cumulative": 8.23483
      },
      {
        "side": "buy",
        "layer": 144,
        "price": 62996.18,
        "qty": 1.6041,
        "cumulative": 13.400160000000001
      },
      {
        "side": "buy",
        "layer": 178,
        "price": 62991.64,
        "qty": 1.90325,
        "cumulative": 10.13808
      },
      {
        "side": "buy",
        "layer": 306,
        "price": 62972.73,
        "qty": 3.30431,
        "cumulative": 39.34558
      },
      {
        "side": "buy",
        "layer": 311,
        "price": 62971.99,
        "qty": 7.56153,
        "cumulative": 20.96169
      },
      {
        "side": "buy",
        "layer": 402,
        "price": 62956.27,
        "qty": 3.76262,
        "cumulative": 36.04127
      },
      {
        "side": "buy",
        "layer": 427,
        "price": 62952.04,
        "qty": 6.54522,
        "cumulative": 27.50691
      },
      {
        "side": "buy",
        "layer": 496,
        "price": 62934.67,
        "qty": 4.77174,
        "cumulative": 32.27865
      },
      {
        "side": "buy",
        "layer": 957,
        "price": 60000,
        "qty": 619.23725,
        "cumulative": 658.5828300000001
      },
      {
        "side": "buy",
        "layer": 972,
        "price": 59000,
        "qty": 62.24585,
        "cumulative": 1267.3679300000001
      },
      {
        "side": "buy",
        "layer": 987,
        "price": 58000,
        "qty": 110.8099,
        "cumulative": 1205.12208
      },
      {
        "side": "buy",
        "layer": 992,
        "price": 57500,
        "qty": 181.60053,
        "cumulative": 1094.3121800000001
      },
      {
        "side": "buy",
        "layer": 993,
        "price": 57000,
        "qty": 254.12882,
        "cumulative": 912.7116500000001
      }
    ],
    "sells": [
      {
        "side": "sell",
        "layer": 1,
        "price": 63013.49,
        "qty": 2.77457,
        "cumulative": 2.77457
      },
      {
        "side": "sell",
        "layer": 25,
        "price": 63016.67,
        "qty": 0.65403,
        "cumulative": 5.33185
      },
      {
        "side": "sell",
        "layer": 26,
        "price": 63016.68,
        "qty": 0.38096,
        "cumulative": 6.189010000000001
      },
      {
        "side": "sell",
        "layer": 37,
        "price": 63018.19,
        "qty": 1.90325,
        "cumulative": 4.6778200000000005
      },
      {
        "side": "sell",
        "layer": 50,
        "price": 63019.43,
        "qty": 0.4762,
        "cumulative": 5.808050000000001
      },
      {
        "side": "sell",
        "layer": 51,
        "price": 63019.8,
        "qty": 0.225,
        "cumulative": 10.125340000000001
      },
      {
        "side": "sell",
        "layer": 72,
        "price": 63022.07,
        "qty": 1.01322,
        "cumulative": 9.105480000000002
      },
      {
        "side": "sell",
        "layer": 73,
        "price": 63022.08,
        "qty": 1.90325,
        "cumulative": 8.092260000000001
      },
      {
        "side": "sell",
        "layer": 90,
        "price": 63024.16,
        "qty": 0.4956,
        "cumulative": 9.601080000000001
      },
      {
        "side": "sell",
        "layer": 99,
        "price": 63025.39,
        "qty": 0.29926,
        "cumulative": 9.900340000000002
      },
      {
        "side": "sell",
        "layer": 103,
        "price": 63026,
        "qty": 0.97178,
        "cumulative": 17.94622
      },
      {
        "side": "sell",
        "layer": 104,
        "price": 63026.01,
        "qty": 1.90325,
        "cumulative": 13.9661
      },
      {
        "side": "sell",
        "layer": 113,
        "price": 63026.99,
        "qty": 1.10509,
        "cumulative": 16.97444
      },
      {
        "side": "sell",
        "layer": 137,
        "price": 63030,
        "qty": 1.93751,
        "cumulative": 12.062850000000001
      },
      {
        "side": "sell",
        "layer": 169,
        "price": 63034.31,
        "qty": 1.90325,
        "cumulative": 15.86935
      },
      {
        "side": "sell",
        "layer": 363,
        "price": 63067.84,
        "qty": 4.76156,
        "cumulative": 22.70778
      },
      {
        "side": "sell",
        "layer": 443,
        "price": 63094.94,
        "qty": 2.7048,
        "cumulative": 37.61465
      },
      {
        "side": "sell",
        "layer": 444,
        "price": 63094.95,
        "qty": 3.68926,
        "cumulative": 34.90985
      },
      {
        "side": "sell",
        "layer": 449,
        "price": 63096.57,
        "qty": 3.75425,
        "cumulative": 31.220589999999998
      },
      {
        "side": "sell",
        "layer": 481,
        "price": 63108.98,
        "qty": 4.75856,
        "cumulative": 27.46634
      },
      {
        "side": "sell",
        "layer": 802,
        "price": 65000,
        "qty": 71.56969,
        "cumulative": 476.65087
      },
      {
        "side": "sell",
        "layer": 815,
        "price": 67000,
        "qty": 89.25454,
        "cumulative": 316.66897
      },
      {
        "side": "sell",
        "layer": 817,
        "price": 68000,
        "qty": 97.32828,
        "cumulative": 134.94293
      },
      {
        "side": "sell",
        "layer": 823,
        "price": 70000,
        "qty": 92.4715,
        "cumulative": 227.41442999999998
      },
      {
        "side": "sell",
        "layer": 829,
        "price": 100000,
        "qty": 88.41221,
        "cumulative": 405.08118
      }
    ]
  },
  "updatedAt": 1783322760390
}