{
  "symbol": "btcusdt",
  "timeframe": "1m",
  "candle": {
    "startTime": 1783335960000,
    "open": 62865.14,
    "high": 62865.14,
    "low": 62850,
    "close": 62850.01,
    "volume": 567,
    "direction": "down",
    "volatility": 15.139999999999418,
    "totalVolume": 567
  },
  "trades": {
    "count": 73235,
    "buyVolume": 165.35497999997114,
    "sellVolume": 177.9380999999691,
    "bigTrades": [
      {
        "price": 62859.14,
        "qty": 1.0194,
        "side": "sell",
        "value": 64078.607316,
        "time": 1783333103521
      },
      {
        "price": 62859.14,
        "qty": 0.98503,
        "side": "sell",
        "value": 61918.138674199996,
        "time": 1783333103792
      },
      {
        "price": 62856,
        "qty": 1.0194,
        "side": "buy",
        "value": 64075.40640000001,
        "time": 1783333143863
      },
      {
        "price": 62837.83,
        "qty": 1.01947,
        "side": "buy",
        "value": 64061.28255010001,
        "time": 1783333252137
      },
      {
        "price": 62876.57,
        "qty": 1.22566,
        "side": "buy",
        "value": 77065.2967862,
        "time": 1783333781160
      },
      {
        "price": 62876.57,
        "qty": 1.18937,
        "side": "buy",
        "value": 74783.5060609,
        "time": 1783333781161
      },
      {
        "price": 62883.53,
        "qty": 1.43429,
        "side": "buy",
        "value": 90193.2182437,
        "time": 1783333781194
      },
      {
        "price": 62883.54,
        "qty": 2.0898,
        "side": "buy",
        "value": 131414.021892,
        "time": 1783333781194
      },
      {
        "price": 62876,
        "qty": 0.96248,
        "side": "sell",
        "value": 60516.89248,
        "time": 1783333894957
      },
      {
        "price": 62882.02,
        "qty": 0.82074,
        "side": "buy",
        "value": 51609.7890948,
        "time": 1783333943400
      },
      {
        "price": 62979.04,
        "qty": 0.95754,
        "side": "sell",
        "value": 60304.949961599996,
        "time": 1783334049589
      },
      {
        "price": 62959.26,
        "qty": 0.80457,
        "side": "sell",
        "value": 50655.1318182,
        "time": 1783334302077
      },
      {
        "price": 62959.26,
        "qty": 1.8,
        "side": "sell",
        "value": 113326.668,
        "time": 1783334302077
      },
      {
        "price": 62959.26,
        "qty": 0.85232,
        "side": "sell",
        "value": 53661.4364832,
        "time": 1783334302078
      },
      {
        "price": 63025,
        "qty": 0.8507,
        "side": "sell",
        "value": 53615.3675,
        "time": 1783334389856
      },
      {
        "price": 63000,
        "qty": 1.01318,
        "side": "sell",
        "value": 63830.34,
        "time": 1783334434959
      },
      {
        "price": 62918.49,
        "qty": 1.0409,
        "side": "buy",
        "value": 65491.856240999994,
        "time": 1783334802646
      },
      {
        "price": 62894,
        "qty": 0.966,
        "side": "sell",
        "value": 60755.604,
        "time": 1783334929433
      },
      {
        "price": 62871.46,
        "qty": 4.21317,
        "side": "sell",
        "value": 264888.14912819996,
        "time": 1783334970246
      },
      {
        "price": 62827.8,
        "qty": 0.9888,
        "side": "buy",
        "value": 62124.12864,
        "time": 1783335003475
      },
      {
        "price": 62827.8,
        "qty": 3.18352,
        "side": "buy",
        "value": 200013.55785600003,
        "time": 1783335003477
      },
      {
        "price": 62833.43,
        "qty": 0.99935,
        "side": "buy",
        "value": 62792.5882705,
        "time": 1783335197280
      },
      {
        "price": 62840.01,
        "qty": 0.8167,
        "side": "buy",
        "value": 51321.436167,
        "time": 1783335224033
      },
      {
        "price": 62820,
        "qty": 3.18369,
        "side": "buy",
        "value": 199999.4058,
        "time": 1783335565420
      },
      {
        "price": 62871.03,
        "qty": 1.36622,
        "side": "sell",
        "value": 85895.6586066,
        "time": 1783335908214
      },
      {
        "price": 62870.71,
        "qty": 0.86668,
        "side": "sell",
        "value": 54488.7869428,
        "time": 1783335926908
      },
      {
        "price": 62870.71,
        "qty": 4.77182,
        "side": "sell",
        "value": 300007.71139219997,
        "time": 1783335928709
      },
      {
        "price": 62864.76,
        "qty": 0.91128,
        "side": "sell",
        "value": 57287.3984928,
        "time": 1783335983408
      },
      {
        "price": 62850.01,
        "qty": 0.84409,
        "side": "buy",
        "value": 53051.0649409,
        "time": 1783335991595
      }
    ]
  },
  "depthImportant": {
    "buys": [
      {
        "side": "buy",
        "layer": 1,
        "price": 62850,
        "qty": 2.71772,
        "cumulative": 2.71772
      },
      {
        "side": "buy",
        "layer": 9,
        "price": 62848.76,
        "qty": 0.09114,
        "cumulative": 2.9890799999999995
      },
      {
        "side": "buy",
        "layer": 34,
        "price": 62843.7,
        "qty": 0.08883,
        "cumulative": 3.0779099999999997
      },
      {
        "side": "buy",
        "layer": 35,
        "price": 62843.43,
        "qty": 0.18022,
        "cumulative": 2.8979399999999997
      },
      {
        "side": "buy",
        "layer": 45,
        "price": 62842.44,
        "qty": 0.08858,
        "cumulative": 3.1664899999999996
      },
      {
        "side": "buy",
        "layer": 65,
        "price": 62840.05,
        "qty": 1.17197,
        "cumulative": 7.52079
      },
      {
        "side": "buy",
        "layer": 66,
        "price": 62840.04,
        "qty": 0.47671,
        "cumulative": 8.6575
      },
      {
        "side": "buy",
        "layer": 82,
        "price": 62838.52,
        "qty": 0.66,
        "cumulative": 8.18079
      },
      {
        "side": "buy",
        "layer": 88,
        "price": 62837.88,
        "qty": 3.18233,
        "cumulative": 6.34882
      },
      {
        "side": "buy",
        "layer": 93,
        "price": 62837.47,
        "qty": 0.47671,
        "cumulative": 9.134210000000001
      },
      {
        "side": "buy",
        "layer": 127,
        "price": 62833.15,
        "qty": 1.13805,
        "cumulative": 16.6351
      },
      {
        "side": "buy",
        "layer": 129,
        "price": 62833.13,
        "qty": 3.18142,
        "cumulative": 12.315630000000002
      },
      {
        "side": "buy",
        "layer": 141,
        "price": 62831.15,
        "qty": 0.67712,
        "cumulative": 18.38902
      },
      {
        "side": "buy",
        "layer": 180,
        "price": 62825.82,
        "qty": 1.0768,
        "cumulative": 17.7119
      },
      {
        "side": "buy",
        "layer": 181,
        "price": 62825.81,
        "qty": 3.18142,
        "cumulative": 15.497050000000002
      },
      {
        "side": "buy",
        "layer": 226,
        "price": 62819.37,
        "qty": 3.18142,
        "cumulative": 29.53608
      },
      {
        "side": "buy",
        "layer": 277,
        "price": 62811.75,
        "qty": 3.18142,
        "cumulative": 32.7175
      },
      {
        "side": "buy",
        "layer": 327,
        "price": 62803.78,
        "qty": 3.18142,
        "cumulative": 35.898920000000004
      },
      {
        "side": "buy",
        "layer": 480,
        "price": 62778.06,
        "qty": 3.18217,
        "cumulative": 26.35466
      },
      {
        "side": "buy",
        "layer": 485,
        "price": 62777.04,
        "qty": 4.78347,
        "cumulative": 23.17249
      },
      {
        "side": "buy",
        "layer": 645,
        "price": 62749.31,
        "qty": 4.78569,
        "cumulative": 61.47722
      },
      {
        "side": "buy",
        "layer": 786,
        "price": 62724.72,
        "qty": 4.78761,
        "cumulative": 56.69153
      },
      {
        "side": "buy",
        "layer": 849,
        "price": 62712.35,
        "qty": 4.78841,
        "cumulative": 51.90392
      },
      {
        "side": "buy",
        "layer": 897,
        "price": 62701.67,
        "qty": 6.42568,
        "cumulative": 42.324600000000004
      },
      {
        "side": "buy",
        "layer": 983,
        "price": 62680.85,
        "qty": 4.79091,
        "cumulative": 47.11551
      }
    ],
    "sells": [
      {
        "side": "sell",
        "layer": 1,
        "price": 62850.01,
        "qty": 3.70676,
        "cumulative": 3.70676
      },
      {
        "side": "sell",
        "layer": 21,
        "price": 62852.73,
        "qty": 0.47662,
        "cumulative": 5.136979999999999
      },
      {
        "side": "sell",
        "layer": 26,
        "price": 62853.94,
        "qty": 0.47689,
        "cumulative": 4.18365
      },
      {
        "side": "sell",
        "layer": 44,
        "price": 62856.62,
        "qty": 0.37883,
        "cumulative": 5.515809999999999
      },
      {
        "side": "sell",
        "layer": 45,
        "price": 62856.63,
        "qty": 0.47671,
        "cumulative": 4.66036
      },
      {
        "side": "sell",
        "layer": 60,
        "price": 62859.38,
        "qty": 0.57326,
        "cumulative": 13.421399999999998
      },
      {
        "side": "sell",
        "layer": 62,
        "price": 62859.67,
        "qty": 1.91239,
        "cumulative": 10.61037
      },
      {
        "side": "sell",
        "layer": 63,
        "price": 62859.68,
        "qty": 3.18217,
        "cumulative": 8.69798
      },
      {
        "side": "sell",
        "layer": 79,
        "price": 62861.16,
        "qty": 0.63424,
        "cumulative": 12.848139999999999
      },
      {
        "side": "sell",
        "layer": 80,
        "price": 62861.36,
        "qty": 1.60353,
        "cumulative": 12.213899999999999
      },
      {
        "side": "sell",
        "layer": 106,
        "price": 62863.97,
        "qty": 2.04497,
        "cumulative": 21.829949999999997
      },
      {
        "side": "sell",
        "layer": 107,
        "price": 62863.98,
        "qty": 3.18217,
        "cumulative": 16.603569999999998
      },
      {
        "side": "sell",
        "layer": 167,
        "price": 62872.23,
        "qty": 1.59308,
        "cumulative": 23.423029999999997
      },
      {
        "side": "sell",
        "layer": 168,
        "price": 62872.25,
        "qty": 3.18141,
        "cumulative": 19.784979999999997
      },
      {
        "side": "sell",
        "layer": 198,
        "price": 62875.77,
        "qty": 1.57606,
        "cumulative": 24.999089999999995
      },
      {
        "side": "sell",
        "layer": 203,
        "price": 62876.15,
        "qty": 3.18139,
        "cumulative": 42.26086999999999
      },
      {
        "side": "sell",
        "layer": 319,
        "price": 62895.4,
        "qty": 3.18295,
        "cumulative": 35.89730999999999
      },
      {
        "side": "sell",
        "layer": 332,
        "price": 62899.07,
        "qty": 3.76604,
        "cumulative": 32.71435999999999
      },
      {
        "side": "sell",
        "layer": 345,
        "price": 62900.78,
        "qty": 3.18217,
        "cumulative": 39.07947999999999
      },
      {
        "side": "sell",
        "layer": 408,
        "price": 62913.31,
        "qty": 3.94923,
        "cumulative": 28.948319999999995
      },
      {
        "side": "sell",
        "layer": 594,
        "price": 62958.19,
        "qty": 4.76981,
        "cumulative": 53.27854999999999
      },
      {
        "side": "sell",
        "layer": 614,
        "price": 62964.2,
        "qty": 4.76935,
        "cumulative": 58.04789999999999
      },
      {
        "side": "sell",
        "layer": 638,
        "price": 62969.85,
        "qty": 4.76882,
        "cumulative": 62.81671999999999
      },
      {
        "side": "sell",
        "layer": 695,
        "price": 62985.23,
        "qty": 4.76776,
        "cumulative": 67.58447999999999
      },
      {
        "side": "sell",
        "layer": 767,
        "price": 63007.2,
        "qty": 6.24787,
        "cumulative": 48.50873999999999
      }
    ]
  },
  "updatedAt": 1783336020770
}