{
  "symbol": "btcusdt",
  "timeframe": "1m",
  "candle": {
    "startTime": 1783323000000,
    "open": 62971.99,
    "high": 62972,
    "low": 62920.7,
    "close": 62920.7,
    "volume": 1882,
    "direction": "down",
    "volatility": 51.30000000000291,
    "totalVolume": 1882
  },
  "trades": {
    "count": 18075,
    "buyVolume": 77.95021999999597,
    "sellVolume": 73.46694999999931,
    "bigTrades": [
      {
        "price": 62971.93,
        "qty": 0.9125,
        "side": "buy",
        "value": 57461.886125,
        "time": 1783322265457
      },
      {
        "price": 62975,
        "qty": 5.9431,
        "side": "sell",
        "value": 374266.72250000003,
        "time": 1783322323640
      },
      {
        "price": 62988,
        "qty": 0.80412,
        "side": "sell",
        "value": 50649.91056,
        "time": 1783322413832
      },
      {
        "price": 62986.01,
        "qty": 0.91429,
        "side": "buy",
        "value": 57587.479082900005,
        "time": 1783322417397
      },
      {
        "price": 62986.01,
        "qty": 0.80276,
        "side": "buy",
        "value": 50562.6493876,
        "time": 1783322417397
      },
      {
        "price": 62986.01,
        "qty": 1.90325,
        "side": "buy",
        "value": 119878.12353250002,
        "time": 1783322417397
      },
      {
        "price": 62986.11,
        "qty": 0.8797,
        "side": "buy",
        "value": 55408.880967000005,
        "time": 1783322448705
      },
      {
        "price": 62986.11,
        "qty": 1.10554,
        "side": "buy",
        "value": 69633.6640494,
        "time": 1783322448707
      },
      {
        "price": 62976.01,
        "qty": 0.85195,
        "side": "buy",
        "value": 53652.4117195,
        "time": 1783322478452
      },
      {
        "price": 62990.01,
        "qty": 1.00001,
        "side": "buy",
        "value": 62990.6399001,
        "time": 1783322483495
      },
      {
        "price": 63000,
        "qty": 0.87275,
        "side": "buy",
        "value": 54983.25,
        "time": 1783322495077
      },
      {
        "price": 63022.15,
        "qty": 1.10502,
        "side": "buy",
        "value": 69640.73619299999,
        "time": 1783322541954
      },
      {
        "price": 63000.16,
        "qty": 0.802,
        "side": "buy",
        "value": 50526.12832,
        "time": 1783322658223
      },
      {
        "price": 63008.26,
        "qty": 1.32317,
        "side": "buy",
        "value": 83370.6393842,
        "time": 1783322791704
      },
      {
        "price": 63008.26,
        "qty": 1.90325,
        "side": "buy",
        "value": 119920.470845,
        "time": 1783322791705
      },
      {
        "price": 63008.26,
        "qty": 0.97545,
        "side": "buy",
        "value": 61461.40721700001,
        "time": 1783322791705
      },
      {
        "price": 63008.26,
        "qty": 1.0194,
        "side": "buy",
        "value": 64230.620244000005,
        "time": 1783322798044
      },
      {
        "price": 63009.95,
        "qty": 1.1626,
        "side": "buy",
        "value": 73255.36787,
        "time": 1783322798047
      },
      {
        "price": 63009.96,
        "qty": 1.90325,
        "side": "buy",
        "value": 119923.70637,
        "time": 1783322798047
      },
      {
        "price": 63026.48,
        "qty": 1.90325,
        "side": "buy",
        "value": 119955.14806,
        "time": 1783322853345
      },
      {
        "price": 63026.48,
        "qty": 1.06733,
        "side": "sell",
        "value": 67270.0528984,
        "time": 1783322865565
      },
      {
        "price": 63009.96,
        "qty": 1.13039,
        "side": "sell",
        "value": 71225.8286844,
        "time": 1783322898601
      },
      {
        "price": 63008.6,
        "qty": 1.27627,
        "side": "sell",
        "value": 80415.98592199999,
        "time": 1783322898614
      },
      {
        "price": 62971.99,
        "qty": 1.99999,
        "side": "sell",
        "value": 125943.35028009998,
        "time": 1783322977371
      },
      {
        "price": 62971.99,
        "qty": 1,
        "side": "sell",
        "value": 62971.99,
        "time": 1783323002343
      },
      {
        "price": 62962,
        "qty": 2.40218,
        "side": "sell",
        "value": 151246.05716,
        "time": 1783323009900
      },
      {
        "price": 62952.04,
        "qty": 0.986,
        "side": "sell",
        "value": 62070.71144,
        "time": 1783323011353
      },
      {
        "price": 62952.04,
        "qty": 4.57461,
        "side": "sell",
        "value": 287981.03170439997,
        "time": 1783323011356
      },
      {
        "price": 62950.99,
        "qty": 1.86037,
        "side": "sell",
        "value": 117112.1332663,
        "time": 1783323025286
      },
      {
        "price": 62946,
        "qty": 1.7317,
        "side": "sell",
        "value": 109003.5882,
        "time": 1783323027690
      },
      {
        "price": 62945.34,
        "qty": 3,
        "side": "sell",
        "value": 188836.02,
        "time": 1783323033127
      },
      {
        "price": 62927.63,
        "qty": 0.84555,
        "side": "sell",
        "value": 53208.4575465,
        "time": 1783323040001
      },
      {
        "price": 62927.63,
        "qty": 1.16377,
        "side": "sell",
        "value": 73233.2879651,
        "time": 1783323057515
      }
    ]
  },
  "depthImportant": {
    "buys": [
      {
        "side": "buy",
        "layer": 1,
        "price": 62920.7,
        "qty": 2.16269,
        "cumulative": 2.16269
      },
      {
        "side": "buy",
        "layer": 13,
        "price": 62918.34,
        "qty": 0.08312,
        "cumulative": 2.65758
      },
      {
        "side": "buy",
        "layer": 40,
        "price": 62914.34,
        "qty": 0.15136,
        "cumulative": 2.31405
      },
      {
        "side": "buy",
        "layer": 41,
        "price": 62914.33,
        "qty": 0.13027,
        "cumulative": 2.44432
      },
      {
        "side": "buy",
        "layer": 49,
        "price": 62913.42,
        "qty": 0.13014,
        "cumulative": 2.5744599999999997
      },
      {
        "side": "buy",
        "layer": 74,
        "price": 62910.7,
        "qty": 0.21718,
        "cumulative": 4.14691
      },
      {
        "side": "buy",
        "layer": 77,
        "price": 62910.49,
        "qty": 0.24911,
        "cumulative": 3.7047299999999996
      },
      {
        "side": "buy",
        "layer": 78,
        "price": 62910.47,
        "qty": 0.225,
        "cumulative": 3.9297299999999997
      },
      {
        "side": "buy",
        "layer": 91,
        "price": 62909.68,
        "qty": 0.38096,
        "cumulative": 3.4556199999999997
      },
      {
        "side": "buy",
        "layer": 100,
        "price": 62908.6,
        "qty": 0.41708,
        "cumulative": 3.0746599999999997
      },
      {
        "side": "buy",
        "layer": 123,
        "price": 62904.6,
        "qty": 1.90325,
        "cumulative": 6.05016
      },
      {
        "side": "buy",
        "layer": 156,
        "price": 62900.01,
        "qty": 1.90325,
        "cumulative": 7.95341
      },
      {
        "side": "buy",
        "layer": 177,
        "price": 62896.59,
        "qty": 1.60264,
        "cumulative": 11.459299999999999
      },
      {
        "side": "buy",
        "layer": 179,
        "price": 62896.05,
        "qty": 1.042,
        "cumulative": 12.501299999999999
      },
      {
        "side": "buy",
        "layer": 180,
        "price": 62896.04,
        "qty": 1.90325,
        "cumulative": 9.85666
      },
      {
        "side": "buy",
        "layer": 206,
        "price": 62891.38,
        "qty": 1.90325,
        "cumulative": 28.76046
      },
      {
        "side": "buy",
        "layer": 250,
        "price": 62886.03,
        "qty": 2.37945,
        "cumulative": 26.85721
      },
      {
        "side": "buy",
        "layer": 398,
        "price": 62858.84,
        "qty": 3.76845,
        "cumulative": 21.04886
      },
      {
        "side": "buy",
        "layer": 417,
        "price": 62854.26,
        "qty": 3.4289,
        "cumulative": 24.47776
      },
      {
        "side": "buy",
        "layer": 479,
        "price": 62837.58,
        "qty": 4.77911,
        "cumulative": 17.28041
      },
      {
        "side": "buy",
        "layer": 921,
        "price": 60000,
        "qty": 619.23908,
        "cumulative": 647.9995399999999
      },
      {
        "side": "buy",
        "layer": 939,
        "price": 59000,
        "qty": 62.25997,
        "cumulative": 1255.6430799999998
      },
      {
        "side": "buy",
        "layer": 955,
        "price": 58000,
        "qty": 110.65422,
        "cumulative": 1193.3831099999998
      },
      {
        "side": "buy",
        "layer": 961,
        "price": 57500,
        "qty": 180.60053,
        "cumulative": 1082.7288899999999
      },
      {
        "side": "buy",
        "layer": 962,
        "price": 57000,
        "qty": 254.12882,
        "cumulative": 902.1283599999999
      }
    ],
    "sells": [
      {
        "side": "sell",
        "layer": 1,
        "price": 62920.71,
        "qty": 1.96918,
        "cumulative": 1.96918
      },
      {
        "side": "sell",
        "layer": 19,
        "price": 62923.78,
        "qty": 1.90343,
        "cumulative": 3.87261
      },
      {
        "side": "sell",
        "layer": 42,
        "price": 62927.58,
        "qty": 1.597,
        "cumulative": 9.21205
      },
      {
        "side": "sell",
        "layer": 43,
        "price": 62927.59,
        "qty": 1.90325,
        "cumulative": 5.77586
      },
      {
        "side": "sell",
        "layer": 46,
        "price": 62927.64,
        "qty": 1.83919,
        "cumulative": 7.61505
      },
      {
        "side": "sell",
        "layer": 79,
        "price": 62932.45,
        "qty": 0.5186,
        "cumulative": 11.560839999999999
      },
      {
        "side": "sell",
        "layer": 90,
        "price": 62934.01,
        "qty": 1.30032,
        "cumulative": 10.512369999999999
      },
      {
        "side": "sell",
        "layer": 91,
        "price": 62934.02,
        "qty": 0.38096,
        "cumulative": 12.418
      },
      {
        "side": "sell",
        "layer": 93,
        "price": 62934.07,
        "qty": 0.4762,
        "cumulative": 12.03704
      },
      {
        "side": "sell",
        "layer": 94,
        "price": 62934.12,
        "qty": 0.52987,
        "cumulative": 11.04224
      },
      {
        "side": "sell",
        "layer": 109,
        "price": 62935.99,
        "qty": 1.90325,
        "cumulative": 18.359569999999998
      },
      {
        "side": "sell",
        "layer": 133,
        "price": 62940.21,
        "qty": 1.24744,
        "cumulative": 21.51026
      },
      {
        "side": "sell",
        "layer": 134,
        "price": 62940.22,
        "qty": 2.13499,
        "cumulative": 14.55299
      },
      {
        "side": "sell",
        "layer": 163,
        "price": 62945.35,
        "qty": 1.90333,
        "cumulative": 16.456319999999998
      },
      {
        "side": "sell",
        "layer": 196,
        "price": 62950.96,
        "qty": 1.90325,
        "cumulative": 20.262819999999998
      },
      {
        "side": "sell",
        "layer": 368,
        "price": 62980,
        "qty": 4.80234,
        "cumulative": 26.3126
      },
      {
        "side": "sell",
        "layer": 480,
        "price": 63000.43,
        "qty": 2.61903,
        "cumulative": 36.435320000000004
      },
      {
        "side": "sell",
        "layer": 491,
        "price": 63002.34,
        "qty": 3.75987,
        "cumulative": 30.07247
      },
      {
        "side": "sell",
        "layer": 496,
        "price": 63003.13,
        "qty": 3.74382,
        "cumulative": 33.81629
      },
      {
        "side": "sell",
        "layer": 497,
        "price": 63003.76,
        "qty": 2.2118,
        "cumulative": 38.64712
      },
      {
        "side": "sell",
        "layer": 561,
        "price": 63017.8,
        "qty": 4.76539,
        "cumulative": 67.93098
      },
      {
        "side": "sell",
        "layer": 672,
        "price": 63046.1,
        "qty": 4.76325,
        "cumulative": 72.69423
      },
      {
        "side": "sell",
        "layer": 716,
        "price": 63058.68,
        "qty": 4.7623,
        "cumulative": 77.45653
      },
      {
        "side": "sell",
        "layer": 771,
        "price": 63082.34,
        "qty": 6.36153,
        "cumulative": 63.16559
      },
      {
        "side": "sell",
        "layer": 959,
        "price": 63500,
        "qty": 18.15694,
        "cumulative": 56.80406
      }
    ]
  },
  "updatedAt": 1783323060663
}