{
  "symbol": "btcusdt",
  "timeframe": "1m",
  "candle": {
    "startTime": 1783335180000,
    "open": 62858.01,
    "high": 62858.01,
    "low": 62826,
    "close": 62838,
    "volume": 2183,
    "direction": "down",
    "volatility": 32.01000000000204,
    "totalVolume": 2183
  },
  "trades": {
    "count": 56602,
    "buyVolume": 120.87717999998053,
    "sellVolume": 147.12949999997923,
    "bigTrades": [
      {
        "price": 62859.14,
        "qty": 1.0194,
        "side": "sell",
        "value": 64078.607316,
        "time": 1783333103521
      },
      {
        "price": 62859.14,
        "qty": 0.98503,
        "side": "sell",
        "value": 61918.138674199996,
        "time": 1783333103792
      },
      {
        "price": 62856,
        "qty": 1.0194,
        "side": "buy",
        "value": 64075.40640000001,
        "time": 1783333143863
      },
      {
        "price": 62837.83,
        "qty": 1.01947,
        "side": "buy",
        "value": 64061.28255010001,
        "time": 1783333252137
      },
      {
        "price": 62876.57,
        "qty": 1.22566,
        "side": "buy",
        "value": 77065.2967862,
        "time": 1783333781160
      },
      {
        "price": 62876.57,
        "qty": 1.18937,
        "side": "buy",
        "value": 74783.5060609,
        "time": 1783333781161
      },
      {
        "price": 62883.53,
        "qty": 1.43429,
        "side": "buy",
        "value": 90193.2182437,
        "time": 1783333781194
      },
      {
        "price": 62883.54,
        "qty": 2.0898,
        "side": "buy",
        "value": 131414.021892,
        "time": 1783333781194
      },
      {
        "price": 62876,
        "qty": 0.96248,
        "side": "sell",
        "value": 60516.89248,
        "time": 1783333894957
      },
      {
        "price": 62882.02,
        "qty": 0.82074,
        "side": "buy",
        "value": 51609.7890948,
        "time": 1783333943400
      },
      {
        "price": 62979.04,
        "qty": 0.95754,
        "side": "sell",
        "value": 60304.949961599996,
        "time": 1783334049589
      },
      {
        "price": 62959.26,
        "qty": 0.80457,
        "side": "sell",
        "value": 50655.1318182,
        "time": 1783334302077
      },
      {
        "price": 62959.26,
        "qty": 1.8,
        "side": "sell",
        "value": 113326.668,
        "time": 1783334302077
      },
      {
        "price": 62959.26,
        "qty": 0.85232,
        "side": "sell",
        "value": 53661.4364832,
        "time": 1783334302078
      },
      {
        "price": 63025,
        "qty": 0.8507,
        "side": "sell",
        "value": 53615.3675,
        "time": 1783334389856
      },
      {
        "price": 63000,
        "qty": 1.01318,
        "side": "sell",
        "value": 63830.34,
        "time": 1783334434959
      },
      {
        "price": 62918.49,
        "qty": 1.0409,
        "side": "buy",
        "value": 65491.856240999994,
        "time": 1783334802646
      },
      {
        "price": 62894,
        "qty": 0.966,
        "side": "sell",
        "value": 60755.604,
        "time": 1783334929433
      },
      {
        "price": 62871.46,
        "qty": 4.21317,
        "side": "sell",
        "value": 264888.14912819996,
        "time": 1783334970246
      },
      {
        "price": 62827.8,
        "qty": 0.9888,
        "side": "buy",
        "value": 62124.12864,
        "time": 1783335003475
      },
      {
        "price": 62827.8,
        "qty": 3.18352,
        "side": "buy",
        "value": 200013.55785600003,
        "time": 1783335003477
      },
      {
        "price": 62833.43,
        "qty": 0.99935,
        "side": "buy",
        "value": 62792.5882705,
        "time": 1783335197280
      },
      {
        "price": 62840.01,
        "qty": 0.8167,
        "side": "buy",
        "value": 51321.436167,
        "time": 1783335224033
      }
    ]
  },
  "depthImportant": {
    "buys": [
      {
        "side": "buy",
        "layer": 1,
        "price": 62838,
        "qty": 1.10275,
        "cumulative": 1.10275
      },
      {
        "side": "buy",
        "layer": 6,
        "price": 62837.5,
        "qty": 0.10004,
        "cumulative": 1.6848199999999998
      },
      {
        "side": "buy",
        "layer": 25,
        "price": 62833.72,
        "qty": 0.13686,
        "cumulative": 1.46461
      },
      {
        "side": "buy",
        "layer": 27,
        "price": 62833.51,
        "qty": 0.12017,
        "cumulative": 1.5847799999999999
      },
      {
        "side": "buy",
        "layer": 42,
        "price": 62831.71,
        "qty": 0.225,
        "cumulative": 1.32775
      },
      {
        "side": "buy",
        "layer": 51,
        "price": 62830.21,
        "qty": 0.13309,
        "cumulative": 2.92333
      },
      {
        "side": "buy",
        "layer": 73,
        "price": 62827.89,
        "qty": 0.21144,
        "cumulative": 2.79024
      },
      {
        "side": "buy",
        "layer": 89,
        "price": 62825.93,
        "qty": 0.09824,
        "cumulative": 3.02157
      },
      {
        "side": "buy",
        "layer": 99,
        "price": 62824.99,
        "qty": 0.43107,
        "cumulative": 2.5787999999999998
      },
      {
        "side": "buy",
        "layer": 100,
        "price": 62824.98,
        "qty": 0.46291,
        "cumulative": 2.1477299999999997
      },
      {
        "side": "buy",
        "layer": 123,
        "price": 62821.8,
        "qty": 0.72553,
        "cumulative": 10.557960000000001
      },
      {
        "side": "buy",
        "layer": 124,
        "price": 62821.79,
        "qty": 0.58562,
        "cumulative": 11.143580000000002
      },
      {
        "side": "buy",
        "layer": 145,
        "price": 62818.37,
        "qty": 1.5419,
        "cumulative": 9.83243
      },
      {
        "side": "buy",
        "layer": 146,
        "price": 62818.36,
        "qty": 3.65939,
        "cumulative": 6.680960000000001
      },
      {
        "side": "buy",
        "layer": 197,
        "price": 62812.09,
        "qty": 1.60957,
        "cumulative": 8.29053
      },
      {
        "side": "buy",
        "layer": 219,
        "price": 62809.47,
        "qty": 3.65959,
        "cumulative": 23.611790000000003
      },
      {
        "side": "buy",
        "layer": 413,
        "price": 62779.25,
        "qty": 3.18248,
        "cumulative": 29.976950000000002
      },
      {
        "side": "buy",
        "layer": 456,
        "price": 62771.75,
        "qty": 3.18268,
        "cumulative": 26.794470000000004
      },
      {
        "side": "buy",
        "layer": 470,
        "price": 62770.48,
        "qty": 4.78411,
        "cumulative": 15.927690000000002
      },
      {
        "side": "buy",
        "layer": 496,
        "price": 62765.67,
        "qty": 4.02451,
        "cumulative": 19.9522
      },
      {
        "side": "buy",
        "layer": 596,
        "price": 62747.7,
        "qty": 4.78585,
        "cumulative": 55.716260000000005
      },
      {
        "side": "buy",
        "layer": 726,
        "price": 62724.72,
        "qty": 4.78761,
        "cumulative": 50.93041
      },
      {
        "side": "buy",
        "layer": 827,
        "price": 62705.01,
        "qty": 4.78911,
        "cumulative": 46.1428
      },
      {
        "side": "buy",
        "layer": 862,
        "price": 62696.92,
        "qty": 4.78973,
        "cumulative": 41.35369
      },
      {
        "side": "buy",
        "layer": 906,
        "price": 62684.51,
        "qty": 6.58701,
        "cumulative": 36.56396
      }
    ],
    "sells": [
      {
        "side": "sell",
        "layer": 1,
        "price": 62838.01,
        "qty": 8.80523,
        "cumulative": 8.80523
      },
      {
        "side": "sell",
        "layer": 4,
        "price": 62839.99,
        "qty": 1.29085,
        "cumulative": 16.50667
      },
      {
        "side": "sell",
        "layer": 6,
        "price": 62840.01,
        "qty": 3.22791,
        "cumulative": 12.03314
      },
      {
        "side": "sell",
        "layer": 22,
        "price": 62843.9,
        "qty": 1.02723,
        "cumulative": 17.5339
      },
      {
        "side": "sell",
        "layer": 23,
        "price": 62843.91,
        "qty": 3.18268,
        "cumulative": 15.215819999999999
      },
      {
        "side": "sell",
        "layer": 52,
        "price": 62847.53,
        "qty": 1.14538,
        "cumulative": 21.86176
      },
      {
        "side": "sell",
        "layer": 68,
        "price": 62849.7,
        "qty": 0.57337,
        "cumulative": 23.948
      },
      {
        "side": "sell",
        "layer": 70,
        "price": 62849.75,
        "qty": 0.79652,
        "cumulative": 22.65828
      },
      {
        "side": "sell",
        "layer": 71,
        "price": 62849.76,
        "qty": 3.18248,
        "cumulative": 20.71638
      },
      {
        "side": "sell",
        "layer": 77,
        "price": 62850.26,
        "qty": 0.71635,
        "cumulative": 23.37463
      },
      {
        "side": "sell",
        "layer": 104,
        "price": 62853.61,
        "qty": 1.29031,
        "cumulative": 35.53581
      },
      {
        "side": "sell",
        "layer": 105,
        "price": 62853.62,
        "qty": 3.6601,
        "cumulative": 27.6081
      },
      {
        "side": "sell",
        "layer": 157,
        "price": 62859.97,
        "qty": 1.85046,
        "cumulative": 32.64195
      },
      {
        "side": "sell",
        "layer": 165,
        "price": 62860.64,
        "qty": 1.60355,
        "cumulative": 34.2455
      },
      {
        "side": "sell",
        "layer": 167,
        "price": 62861.16,
        "qty": 3.18339,
        "cumulative": 30.79149
      },
      {
        "side": "sell",
        "layer": 267,
        "price": 62875.33,
        "qty": 3.18475,
        "cumulative": 51.25023
      },
      {
        "side": "sell",
        "layer": 349,
        "price": 62889.26,
        "qty": 3.9895,
        "cumulative": 44.2994
      },
      {
        "side": "sell",
        "layer": 388,
        "price": 62896.64,
        "qty": 3.18348,
        "cumulative": 54.433710000000005
      },
      {
        "side": "sell",
        "layer": 397,
        "price": 62898.34,
        "qty": 3.76608,
        "cumulative": 48.06548
      },
      {
        "side": "sell",
        "layer": 410,
        "price": 62902.22,
        "qty": 4.77409,
        "cumulative": 40.3099
      },
      {
        "side": "sell",
        "layer": 527,
        "price": 62928.56,
        "qty": 4.77208,
        "cumulative": 65.45366
      },
      {
        "side": "sell",
        "layer": 580,
        "price": 62941.98,
        "qty": 4.77108,
        "cumulative": 70.22474
      },
      {
        "side": "sell",
        "layer": 639,
        "price": 62958.78,
        "qty": 4.76981,
        "cumulative": 74.99455
      },
      {
        "side": "sell",
        "layer": 656,
        "price": 62963.18,
        "qty": 4.76947,
        "cumulative": 79.76402
      },
      {
        "side": "sell",
        "layer": 766,
        "price": 62993.53,
        "qty": 6.24787,
        "cumulative": 60.681580000000004
      }
    ]
  },
  "updatedAt": 1783335242359
}