{
  "symbol": "btcusdt",
  "timeframe": "1m",
  "candle": {
    "startTime": 1783337400000,
    "open": 62881.97,
    "high": 62918,
    "low": 62872.2,
    "close": 62918,
    "volume": 1886,
    "direction": "up",
    "volatility": 45.80000000000291,
    "totalVolume": 1886
  },
  "trades": {
    "count": 96468,
    "buyVolume": 227.8420699999604,
    "sellVolume": 213.5549499999597,
    "bigTrades": [
      {
        "price": 62859.14,
        "qty": 1.0194,
        "side": "sell",
        "value": 64078.607316,
        "time": 1783333103521
      },
      {
        "price": 62859.14,
        "qty": 0.98503,
        "side": "sell",
        "value": 61918.138674199996,
        "time": 1783333103792
      },
      {
        "price": 62856,
        "qty": 1.0194,
        "side": "buy",
        "value": 64075.40640000001,
        "time": 1783333143863
      },
      {
        "price": 62837.83,
        "qty": 1.01947,
        "side": "buy",
        "value": 64061.28255010001,
        "time": 1783333252137
      },
      {
        "price": 62876.57,
        "qty": 1.22566,
        "side": "buy",
        "value": 77065.2967862,
        "time": 1783333781160
      },
      {
        "price": 62876.57,
        "qty": 1.18937,
        "side": "buy",
        "value": 74783.5060609,
        "time": 1783333781161
      },
      {
        "price": 62883.53,
        "qty": 1.43429,
        "side": "buy",
        "value": 90193.2182437,
        "time": 1783333781194
      },
      {
        "price": 62883.54,
        "qty": 2.0898,
        "side": "buy",
        "value": 131414.021892,
        "time": 1783333781194
      },
      {
        "price": 62876,
        "qty": 0.96248,
        "side": "sell",
        "value": 60516.89248,
        "time": 1783333894957
      },
      {
        "price": 62882.02,
        "qty": 0.82074,
        "side": "buy",
        "value": 51609.7890948,
        "time": 1783333943400
      },
      {
        "price": 62979.04,
        "qty": 0.95754,
        "side": "sell",
        "value": 60304.949961599996,
        "time": 1783334049589
      },
      {
        "price": 62959.26,
        "qty": 0.80457,
        "side": "sell",
        "value": 50655.1318182,
        "time": 1783334302077
      },
      {
        "price": 62959.26,
        "qty": 1.8,
        "side": "sell",
        "value": 113326.668,
        "time": 1783334302077
      },
      {
        "price": 62959.26,
        "qty": 0.85232,
        "side": "sell",
        "value": 53661.4364832,
        "time": 1783334302078
      },
      {
        "price": 63025,
        "qty": 0.8507,
        "side": "sell",
        "value": 53615.3675,
        "time": 1783334389856
      },
      {
        "price": 63000,
        "qty": 1.01318,
        "side": "sell",
        "value": 63830.34,
        "time": 1783334434959
      },
      {
        "price": 62918.49,
        "qty": 1.0409,
        "side": "buy",
        "value": 65491.856240999994,
        "time": 1783334802646
      },
      {
        "price": 62894,
        "qty": 0.966,
        "side": "sell",
        "value": 60755.604,
        "time": 1783334929433
      },
      {
        "price": 62871.46,
        "qty": 4.21317,
        "side": "sell",
        "value": 264888.14912819996,
        "time": 1783334970246
      },
      {
        "price": 62827.8,
        "qty": 0.9888,
        "side": "buy",
        "value": 62124.12864,
        "time": 1783335003475
      },
      {
        "price": 62827.8,
        "qty": 3.18352,
        "side": "buy",
        "value": 200013.55785600003,
        "time": 1783335003477
      },
      {
        "price": 62833.43,
        "qty": 0.99935,
        "side": "buy",
        "value": 62792.5882705,
        "time": 1783335197280
      },
      {
        "price": 62840.01,
        "qty": 0.8167,
        "side": "buy",
        "value": 51321.436167,
        "time": 1783335224033
      },
      {
        "price": 62820,
        "qty": 3.18369,
        "side": "buy",
        "value": 199999.4058,
        "time": 1783335565420
      },
      {
        "price": 62871.03,
        "qty": 1.36622,
        "side": "sell",
        "value": 85895.6586066,
        "time": 1783335908214
      },
      {
        "price": 62870.71,
        "qty": 0.86668,
        "side": "sell",
        "value": 54488.7869428,
        "time": 1783335926908
      },
      {
        "price": 62870.71,
        "qty": 4.77182,
        "side": "sell",
        "value": 300007.71139219997,
        "time": 1783335928709
      },
      {
        "price": 62864.76,
        "qty": 0.91128,
        "side": "sell",
        "value": 57287.3984928,
        "time": 1783335983408
      },
      {
        "price": 62850.01,
        "qty": 0.84409,
        "side": "buy",
        "value": 53051.0649409,
        "time": 1783335991595
      },
      {
        "price": 62819.85,
        "qty": 0.87148,
        "side": "sell",
        "value": 54746.242878,
        "time": 1783336539602
      },
      {
        "price": 62819.85,
        "qty": 1.1893,
        "side": "sell",
        "value": 74711.647605,
        "time": 1783336539603
      },
      {
        "price": 62807.68,
        "qty": 0.83728,
        "side": "sell",
        "value": 52587.6143104,
        "time": 1783336572523
      },
      {
        "price": 62800,
        "qty": 1.13713,
        "side": "buy",
        "value": 71411.764,
        "time": 1783336689607
      },
      {
        "price": 62819.85,
        "qty": 1.18931,
        "side": "buy",
        "value": 74712.2758035,
        "time": 1783336751623
      },
      {
        "price": 62835.04,
        "qty": 1.20917,
        "side": "buy",
        "value": 75978.2453168,
        "time": 1783336781936
      },
      {
        "price": 62835.05,
        "qty": 3.18369,
        "side": "buy",
        "value": 200047.3203345,
        "time": 1783336781937
      },
      {
        "price": 62838.85,
        "qty": 1.29174,
        "side": "buy",
        "value": 81171.456099,
        "time": 1783336781941
      }
    ]
  },
  "depthImportant": {
    "buys": [
      {
        "side": "buy",
        "layer": 1,
        "price": 62917.99,
        "qty": 13.55162,
        "cumulative": 13.55162
      },
      {
        "side": "buy",
        "layer": 15,
        "price": 62916.01,
        "qty": 1.23315,
        "cumulative": 18.10937
      },
      {
        "side": "buy",
        "layer": 16,
        "price": 62916,
        "qty": 0.64819,
        "cumulative": 19.825329999999997
      },
      {
        "side": "buy",
        "layer": 17,
        "price": 62915.99,
        "qty": 3.3246,
        "cumulative": 16.87622
      },
      {
        "side": "buy",
        "layer": 42,
        "price": 62912.78,
        "qty": 1.06777,
        "cumulative": 19.177139999999998
      },
      {
        "side": "buy",
        "layer": 60,
        "price": 62910.63,
        "qty": 0.66,
        "cumulative": 28.55979
      },
      {
        "side": "buy",
        "layer": 63,
        "price": 62910.42,
        "qty": 3.17884,
        "cumulative": 26.65972
      },
      {
        "side": "buy",
        "layer": 80,
        "price": 62908.2,
        "qty": 0.57281,
        "cumulative": 29.1326
      },
      {
        "side": "buy",
        "layer": 95,
        "price": 62906.05,
        "qty": 1.24007,
        "cumulative": 27.89979
      },
      {
        "side": "buy",
        "layer": 96,
        "price": 62906.04,
        "qty": 3.65555,
        "cumulative": 23.48088
      },
      {
        "side": "buy",
        "layer": 128,
        "price": 62900.71,
        "qty": 3.17884,
        "cumulative": 39.3757
      },
      {
        "side": "buy",
        "layer": 157,
        "price": 62896.05,
        "qty": 1.57554,
        "cumulative": 42.526939999999996
      },
      {
        "side": "buy",
        "layer": 158,
        "price": 62896.02,
        "qty": 3.18283,
        "cumulative": 36.19686
      },
      {
        "side": "buy",
        "layer": 182,
        "price": 62891.08,
        "qty": 3.88143,
        "cumulative": 33.01403
      },
      {
        "side": "buy",
        "layer": 189,
        "price": 62889.74,
        "qty": 1.5757,
        "cumulative": 40.9514
      },
      {
        "side": "buy",
        "layer": 227,
        "price": 62882.02,
        "qty": 3.18015,
        "cumulative": 62.23903
      },
      {
        "side": "buy",
        "layer": 255,
        "price": 62877.12,
        "qty": 3.18066,
        "cumulative": 59.05888
      },
      {
        "side": "buy",
        "layer": 392,
        "price": 62850.82,
        "qty": 4.77781,
        "cumulative": 52.10829
      },
      {
        "side": "buy",
        "layer": 464,
        "price": 62834.06,
        "qty": 3.76993,
        "cumulative": 55.87822
      },
      {
        "side": "buy",
        "layer": 495,
        "price": 62828,
        "qty": 4.80354,
        "cumulative": 47.330479999999994
      },
      {
        "side": "buy",
        "layer": 598,
        "price": 62803.56,
        "qty": 4.7814,
        "cumulative": 87.79617
      },
      {
        "side": "buy",
        "layer": 684,
        "price": 62780.94,
        "qty": 4.78323,
        "cumulative": 83.01477
      },
      {
        "side": "buy",
        "layer": 741,
        "price": 62767.91,
        "qty": 6.42137,
        "cumulative": 68.6604
      },
      {
        "side": "buy",
        "layer": 784,
        "price": 62758.15,
        "qty": 4.78491,
        "cumulative": 78.23154
      },
      {
        "side": "buy",
        "layer": 862,
        "price": 62740.18,
        "qty": 4.78623,
        "cumulative": 73.44663
      }
    ],
    "sells": [
      {
        "side": "sell",
        "layer": 31,
        "price": 62924.82,
        "qty": 0.10378,
        "cumulative": 0.32904
      },
      {
        "side": "sell",
        "layer": 40,
        "price": 62926.59,
        "qty": 0.09842,
        "cumulative": 0.42746
      },
      {
        "side": "sell",
        "layer": 41,
        "price": 62926.6,
        "qty": 0.22526,
        "cumulative": 0.22526
      },
      {
        "side": "sell",
        "layer": 47,
        "price": 62927.49,
        "qty": 0.09824,
        "cumulative": 0.5257000000000001
      },
      {
        "side": "sell",
        "layer": 48,
        "price": 62927.85,
        "qty": 0.08931,
        "cumulative": 0.6150100000000001
      },
      {
        "side": "sell",
        "layer": 55,
        "price": 62928.85,
        "qty": 0.40871,
        "cumulative": 1.02372
      },
      {
        "side": "sell",
        "layer": 80,
        "price": 62931.39,
        "qty": 0.24389,
        "cumulative": 1.9660499999999999
      },
      {
        "side": "sell",
        "layer": 83,
        "price": 62931.7,
        "qty": 0.36619,
        "cumulative": 1.38991
      },
      {
        "side": "sell",
        "layer": 87,
        "price": 62931.95,
        "qty": 0.33225,
        "cumulative": 1.72216
      },
      {
        "side": "sell",
        "layer": 98,
        "price": 62933.09,
        "qty": 0.22508,
        "cumulative": 2.19113
      },
      {
        "side": "sell",
        "layer": 147,
        "price": 62938.21,
        "qty": 0.8385,
        "cumulative": 7.8507
      },
      {
        "side": "sell",
        "layer": 148,
        "price": 62938.22,
        "qty": 0.79542,
        "cumulative": 8.64612
      },
      {
        "side": "sell",
        "layer": 176,
        "price": 62941.85,
        "qty": 1.63994,
        "cumulative": 7.0122
      },
      {
        "side": "sell",
        "layer": 177,
        "price": 62941.86,
        "qty": 3.18113,
        "cumulative": 5.37226
      },
      {
        "side": "sell",
        "layer": 184,
        "price": 62943.35,
        "qty": 0.61216,
        "cumulative": 9.25828
      },
      {
        "side": "sell",
        "layer": 219,
        "price": 62949.41,
        "qty": 3.18105,
        "cumulative": 24.906549999999996
      },
      {
        "side": "sell",
        "layer": 269,
        "price": 62956.06,
        "qty": 3.18066,
        "cumulative": 28.087209999999995
      },
      {
        "side": "sell",
        "layer": 352,
        "price": 62969.48,
        "qty": 3.93811,
        "cumulative": 17.964439999999996
      },
      {
        "side": "sell",
        "layer": 413,
        "price": 62979.41,
        "qty": 4.76805,
        "cumulative": 14.026329999999998
      },
      {
        "side": "sell",
        "layer": 428,
        "price": 62982.4,
        "qty": 3.76106,
        "cumulative": 21.725499999999997
      },
      {
        "side": "sell",
        "layer": 511,
        "price": 62999.37,
        "qty": 4.76654,
        "cumulative": 39.26340999999999
      },
      {
        "side": "sell",
        "layer": 679,
        "price": 63031.34,
        "qty": 4.76412,
        "cumulative": 44.02752999999999
      },
      {
        "side": "sell",
        "layer": 685,
        "price": 63032.01,
        "qty": 4.76407,
        "cumulative": 48.79159999999999
      },
      {
        "side": "sell",
        "layer": 695,
        "price": 63033.72,
        "qty": 4.76394,
        "cumulative": 53.555539999999986
      },
      {
        "side": "sell",
        "layer": 893,
        "price": 63074.22,
        "qty": 6.40966,
        "cumulative": 34.496869999999994
      }
    ]
  },
  "updatedAt": 1783337460235
}