{
  "symbol": "btcusdt",
  "timeframe": "1m",
  "candle": {
    "startTime": 1783337340000,
    "open": 62877.91,
    "high": 62881.98,
    "low": 62877.9,
    "close": 62881.97,
    "volume": 465,
    "direction": "up",
    "volatility": 4.080000000001746,
    "totalVolume": 465
  },
  "trades": {
    "count": 94584,
    "buyVolume": 224.79939999996193,
    "sellVolume": 213.1104899999601,
    "bigTrades": [
      {
        "price": 62859.14,
        "qty": 1.0194,
        "side": "sell",
        "value": 64078.607316,
        "time": 1783333103521
      },
      {
        "price": 62859.14,
        "qty": 0.98503,
        "side": "sell",
        "value": 61918.138674199996,
        "time": 1783333103792
      },
      {
        "price": 62856,
        "qty": 1.0194,
        "side": "buy",
        "value": 64075.40640000001,
        "time": 1783333143863
      },
      {
        "price": 62837.83,
        "qty": 1.01947,
        "side": "buy",
        "value": 64061.28255010001,
        "time": 1783333252137
      },
      {
        "price": 62876.57,
        "qty": 1.22566,
        "side": "buy",
        "value": 77065.2967862,
        "time": 1783333781160
      },
      {
        "price": 62876.57,
        "qty": 1.18937,
        "side": "buy",
        "value": 74783.5060609,
        "time": 1783333781161
      },
      {
        "price": 62883.53,
        "qty": 1.43429,
        "side": "buy",
        "value": 90193.2182437,
        "time": 1783333781194
      },
      {
        "price": 62883.54,
        "qty": 2.0898,
        "side": "buy",
        "value": 131414.021892,
        "time": 1783333781194
      },
      {
        "price": 62876,
        "qty": 0.96248,
        "side": "sell",
        "value": 60516.89248,
        "time": 1783333894957
      },
      {
        "price": 62882.02,
        "qty": 0.82074,
        "side": "buy",
        "value": 51609.7890948,
        "time": 1783333943400
      },
      {
        "price": 62979.04,
        "qty": 0.95754,
        "side": "sell",
        "value": 60304.949961599996,
        "time": 1783334049589
      },
      {
        "price": 62959.26,
        "qty": 0.80457,
        "side": "sell",
        "value": 50655.1318182,
        "time": 1783334302077
      },
      {
        "price": 62959.26,
        "qty": 1.8,
        "side": "sell",
        "value": 113326.668,
        "time": 1783334302077
      },
      {
        "price": 62959.26,
        "qty": 0.85232,
        "side": "sell",
        "value": 53661.4364832,
        "time": 1783334302078
      },
      {
        "price": 63025,
        "qty": 0.8507,
        "side": "sell",
        "value": 53615.3675,
        "time": 1783334389856
      },
      {
        "price": 63000,
        "qty": 1.01318,
        "side": "sell",
        "value": 63830.34,
        "time": 1783334434959
      },
      {
        "price": 62918.49,
        "qty": 1.0409,
        "side": "buy",
        "value": 65491.856240999994,
        "time": 1783334802646
      },
      {
        "price": 62894,
        "qty": 0.966,
        "side": "sell",
        "value": 60755.604,
        "time": 1783334929433
      },
      {
        "price": 62871.46,
        "qty": 4.21317,
        "side": "sell",
        "value": 264888.14912819996,
        "time": 1783334970246
      },
      {
        "price": 62827.8,
        "qty": 0.9888,
        "side": "buy",
        "value": 62124.12864,
        "time": 1783335003475
      },
      {
        "price": 62827.8,
        "qty": 3.18352,
        "side": "buy",
        "value": 200013.55785600003,
        "time": 1783335003477
      },
      {
        "price": 62833.43,
        "qty": 0.99935,
        "side": "buy",
        "value": 62792.5882705,
        "time": 1783335197280
      },
      {
        "price": 62840.01,
        "qty": 0.8167,
        "side": "buy",
        "value": 51321.436167,
        "time": 1783335224033
      },
      {
        "price": 62820,
        "qty": 3.18369,
        "side": "buy",
        "value": 199999.4058,
        "time": 1783335565420
      },
      {
        "price": 62871.03,
        "qty": 1.36622,
        "side": "sell",
        "value": 85895.6586066,
        "time": 1783335908214
      },
      {
        "price": 62870.71,
        "qty": 0.86668,
        "side": "sell",
        "value": 54488.7869428,
        "time": 1783335926908
      },
      {
        "price": 62870.71,
        "qty": 4.77182,
        "side": "sell",
        "value": 300007.71139219997,
        "time": 1783335928709
      },
      {
        "price": 62864.76,
        "qty": 0.91128,
        "side": "sell",
        "value": 57287.3984928,
        "time": 1783335983408
      },
      {
        "price": 62850.01,
        "qty": 0.84409,
        "side": "buy",
        "value": 53051.0649409,
        "time": 1783335991595
      },
      {
        "price": 62819.85,
        "qty": 0.87148,
        "side": "sell",
        "value": 54746.242878,
        "time": 1783336539602
      },
      {
        "price": 62819.85,
        "qty": 1.1893,
        "side": "sell",
        "value": 74711.647605,
        "time": 1783336539603
      },
      {
        "price": 62807.68,
        "qty": 0.83728,
        "side": "sell",
        "value": 52587.6143104,
        "time": 1783336572523
      },
      {
        "price": 62800,
        "qty": 1.13713,
        "side": "buy",
        "value": 71411.764,
        "time": 1783336689607
      },
      {
        "price": 62819.85,
        "qty": 1.18931,
        "side": "buy",
        "value": 74712.2758035,
        "time": 1783336751623
      },
      {
        "price": 62835.04,
        "qty": 1.20917,
        "side": "buy",
        "value": 75978.2453168,
        "time": 1783336781936
      },
      {
        "price": 62835.05,
        "qty": 3.18369,
        "side": "buy",
        "value": 200047.3203345,
        "time": 1783336781937
      },
      {
        "price": 62838.85,
        "qty": 1.29174,
        "side": "buy",
        "value": 81171.456099,
        "time": 1783336781941
      }
    ]
  },
  "depthImportant": {
    "buys": [
      {
        "side": "buy",
        "layer": 1,
        "price": 62881.97,
        "qty": 1.98091,
        "cumulative": 1.98091
      },
      {
        "side": "buy",
        "layer": 19,
        "price": 62878.19,
        "qty": 0.25173,
        "cumulative": 3.98172
      },
      {
        "side": "buy",
        "layer": 23,
        "price": 62877.88,
        "qty": 0.21735,
        "cumulative": 4.19907
      },
      {
        "side": "buy",
        "layer": 39,
        "price": 62875.39,
        "qty": 0.47699,
        "cumulative": 3.72999
      },
      {
        "side": "buy",
        "layer": 47,
        "price": 62874.36,
        "qty": 1.27209,
        "cumulative": 3.253
      },
      {
        "side": "buy",
        "layer": 61,
        "price": 62872.41,
        "qty": 0.59695,
        "cumulative": 9.1992
      },
      {
        "side": "buy",
        "layer": 66,
        "price": 62872.26,
        "qty": 3.18076,
        "cumulative": 7.37983
      },
      {
        "side": "buy",
        "layer": 67,
        "price": 62872.2,
        "qty": 0.56705,
        "cumulative": 9.76625
      },
      {
        "side": "buy",
        "layer": 96,
        "price": 62868.9,
        "qty": 0.5374,
        "cumulative": 10.30365
      },
      {
        "side": "buy",
        "layer": 98,
        "price": 62868.65,
        "qty": 1.22242,
        "cumulative": 8.60225
      },
      {
        "side": "buy",
        "layer": 105,
        "price": 62867.64,
        "qty": 3.18096,
        "cumulative": 13.48461
      },
      {
        "side": "buy",
        "layer": 141,
        "price": 62862.58,
        "qty": 1.30915,
        "cumulative": 22.46997
      },
      {
        "side": "buy",
        "layer": 142,
        "price": 62862.57,
        "qty": 3.17848,
        "cumulative": 19.84164
      },
      {
        "side": "buy",
        "layer": 198,
        "price": 62855.02,
        "qty": 1.31918,
        "cumulative": 21.16082
      },
      {
        "side": "buy",
        "layer": 199,
        "price": 62855.01,
        "qty": 3.17855,
        "cumulative": 16.66316
      },
      {
        "side": "buy",
        "layer": 290,
        "price": 62840.01,
        "qty": 3.18127,
        "cumulative": 38.20101
      },
      {
        "side": "buy",
        "layer": 343,
        "price": 62832.1,
        "qty": 3.18066,
        "cumulative": 41.38167
      },
      {
        "side": "buy",
        "layer": 446,
        "price": 62812.06,
        "qty": 3.99644,
        "cumulative": 31.24781
      },
      {
        "side": "buy",
        "layer": 483,
        "price": 62803.56,
        "qty": 4.7814,
        "cumulative": 27.25137
      },
      {
        "side": "buy",
        "layer": 493,
        "price": 62800.82,
        "qty": 3.77193,
        "cumulative": 35.01974
      },
      {
        "side": "buy",
        "layer": 688,
        "price": 62758.15,
        "qty": 4.78491,
        "cumulative": 66.83564999999999
      },
      {
        "side": "buy",
        "layer": 792,
        "price": 62738.36,
        "qty": 6.30569,
        "cumulative": 47.68736
      },
      {
        "side": "buy",
        "layer": 811,
        "price": 62734.35,
        "qty": 4.78668,
        "cumulative": 62.05073999999999
      },
      {
        "side": "buy",
        "layer": 821,
        "price": 62732.28,
        "qty": 4.78684,
        "cumulative": 57.26405999999999
      },
      {
        "side": "buy",
        "layer": 988,
        "price": 62692.64,
        "qty": 4.78986,
        "cumulative": 52.477219999999996
      }
    ],
    "sells": [
      {
        "side": "sell",
        "layer": 1,
        "price": 62881.98,
        "qty": 3.40229,
        "cumulative": 3.40229
      },
      {
        "side": "sell",
        "layer": 28,
        "price": 62885.99,
        "qty": 0.12161,
        "cumulative": 3.82076
      },
      {
        "side": "sell",
        "layer": 33,
        "price": 62887.23,
        "qty": 0.10115,
        "cumulative": 4.03489
      },
      {
        "side": "sell",
        "layer": 34,
        "price": 62887.34,
        "qty": 0.11298,
        "cumulative": 3.93374
      },
      {
        "side": "sell",
        "layer": 45,
        "price": 62888.72,
        "qty": 0.29686,
        "cumulative": 3.69915
      },
      {
        "side": "sell",
        "layer": 62,
        "price": 62890.79,
        "qty": 0.47671,
        "cumulative": 6.400849999999999
      },
      {
        "side": "sell",
        "layer": 67,
        "price": 62891.06,
        "qty": 0.52038,
        "cumulative": 5.9241399999999995
      },
      {
        "side": "sell",
        "layer": 68,
        "price": 62891.07,
        "qty": 0.4762,
        "cumulative": 6.87705
      },
      {
        "side": "sell",
        "layer": 83,
        "price": 62892.94,
        "qty": 0.57295,
        "cumulative": 5.403759999999999
      },
      {
        "side": "sell",
        "layer": 100,
        "price": 62894.69,
        "qty": 0.79592,
        "cumulative": 4.83081
      },
      {
        "side": "sell",
        "layer": 119,
        "price": 62896.91,
        "qty": 3.18056,
        "cumulative": 17.372149999999998
      },
      {
        "side": "sell",
        "layer": 147,
        "price": 62900.79,
        "qty": 1.74288,
        "cumulative": 19.115029999999997
      },
      {
        "side": "sell",
        "layer": 148,
        "price": 62900.8,
        "qty": 3.65727,
        "cumulative": 10.53432
      },
      {
        "side": "sell",
        "layer": 168,
        "price": 62903.97,
        "qty": 1.65739,
        "cumulative": 20.772419999999997
      },
      {
        "side": "sell",
        "layer": 184,
        "price": 62905.84,
        "qty": 3.65727,
        "cumulative": 14.19159
      },
      {
        "side": "sell",
        "layer": 250,
        "price": 62916.14,
        "qty": 3.65747,
        "cumulative": 36.99482999999999
      },
      {
        "side": "sell",
        "layer": 278,
        "price": 62921.38,
        "qty": 3.65747,
        "cumulative": 40.6523
      },
      {
        "side": "sell",
        "layer": 385,
        "price": 62938.3,
        "qty": 4.77117,
        "cumulative": 25.543589999999995
      },
      {
        "side": "sell",
        "layer": 418,
        "price": 62945.15,
        "qty": 4.03084,
        "cumulative": 29.574429999999996
      },
      {
        "side": "sell",
        "layer": 447,
        "price": 62951.01,
        "qty": 3.76293,
        "cumulative": 33.33736
      },
      {
        "side": "sell",
        "layer": 590,
        "price": 62979.41,
        "qty": 4.76805,
        "cumulative": 51.83001
      },
      {
        "side": "sell",
        "layer": 672,
        "price": 62999.33,
        "qty": 4.76654,
        "cumulative": 56.59655
      },
      {
        "side": "sell",
        "layer": 697,
        "price": 63005.43,
        "qty": 4.76608,
        "cumulative": 61.36263
      },
      {
        "side": "sell",
        "layer": 839,
        "price": 63033.72,
        "qty": 4.76394,
        "cumulative": 66.12657
      },
      {
        "side": "sell",
        "layer": 892,
        "price": 63042.34,
        "qty": 6.40966,
        "cumulative": 47.06196
      }
    ]
  },
  "updatedAt": 1783337400648
}