{
  "symbol": "btcusdt",
  "timeframe": "1m",
  "candle": {
    "startTime": 1783335360000,
    "open": 62812,
    "high": 62813.05,
    "low": 62806.78,
    "close": 62813.05,
    "volume": 991,
    "direction": "up",
    "volatility": 6.2700000000040745,
    "totalVolume": 991
  },
  "trades": {
    "count": 60377,
    "buyVolume": 131.8877799999773,
    "sellVolume": 152.42597999997588,
    "bigTrades": [
      {
        "price": 62859.14,
        "qty": 1.0194,
        "side": "sell",
        "value": 64078.607316,
        "time": 1783333103521
      },
      {
        "price": 62859.14,
        "qty": 0.98503,
        "side": "sell",
        "value": 61918.138674199996,
        "time": 1783333103792
      },
      {
        "price": 62856,
        "qty": 1.0194,
        "side": "buy",
        "value": 64075.40640000001,
        "time": 1783333143863
      },
      {
        "price": 62837.83,
        "qty": 1.01947,
        "side": "buy",
        "value": 64061.28255010001,
        "time": 1783333252137
      },
      {
        "price": 62876.57,
        "qty": 1.22566,
        "side": "buy",
        "value": 77065.2967862,
        "time": 1783333781160
      },
      {
        "price": 62876.57,
        "qty": 1.18937,
        "side": "buy",
        "value": 74783.5060609,
        "time": 1783333781161
      },
      {
        "price": 62883.53,
        "qty": 1.43429,
        "side": "buy",
        "value": 90193.2182437,
        "time": 1783333781194
      },
      {
        "price": 62883.54,
        "qty": 2.0898,
        "side": "buy",
        "value": 131414.021892,
        "time": 1783333781194
      },
      {
        "price": 62876,
        "qty": 0.96248,
        "side": "sell",
        "value": 60516.89248,
        "time": 1783333894957
      },
      {
        "price": 62882.02,
        "qty": 0.82074,
        "side": "buy",
        "value": 51609.7890948,
        "time": 1783333943400
      },
      {
        "price": 62979.04,
        "qty": 0.95754,
        "side": "sell",
        "value": 60304.949961599996,
        "time": 1783334049589
      },
      {
        "price": 62959.26,
        "qty": 0.80457,
        "side": "sell",
        "value": 50655.1318182,
        "time": 1783334302077
      },
      {
        "price": 62959.26,
        "qty": 1.8,
        "side": "sell",
        "value": 113326.668,
        "time": 1783334302077
      },
      {
        "price": 62959.26,
        "qty": 0.85232,
        "side": "sell",
        "value": 53661.4364832,
        "time": 1783334302078
      },
      {
        "price": 63025,
        "qty": 0.8507,
        "side": "sell",
        "value": 53615.3675,
        "time": 1783334389856
      },
      {
        "price": 63000,
        "qty": 1.01318,
        "side": "sell",
        "value": 63830.34,
        "time": 1783334434959
      },
      {
        "price": 62918.49,
        "qty": 1.0409,
        "side": "buy",
        "value": 65491.856240999994,
        "time": 1783334802646
      },
      {
        "price": 62894,
        "qty": 0.966,
        "side": "sell",
        "value": 60755.604,
        "time": 1783334929433
      },
      {
        "price": 62871.46,
        "qty": 4.21317,
        "side": "sell",
        "value": 264888.14912819996,
        "time": 1783334970246
      },
      {
        "price": 62827.8,
        "qty": 0.9888,
        "side": "buy",
        "value": 62124.12864,
        "time": 1783335003475
      },
      {
        "price": 62827.8,
        "qty": 3.18352,
        "side": "buy",
        "value": 200013.55785600003,
        "time": 1783335003477
      },
      {
        "price": 62833.43,
        "qty": 0.99935,
        "side": "buy",
        "value": 62792.5882705,
        "time": 1783335197280
      },
      {
        "price": 62840.01,
        "qty": 0.8167,
        "side": "buy",
        "value": 51321.436167,
        "time": 1783335224033
      }
    ]
  },
  "depthImportant": {
    "buys": [
      {
        "side": "buy",
        "layer": 1,
        "price": 62813.04,
        "qty": 4.06346,
        "cumulative": 4.06346
      },
      {
        "side": "buy",
        "layer": 34,
        "price": 62808.11,
        "qty": 0.43119,
        "cumulative": 5.54469
      },
      {
        "side": "buy",
        "layer": 35,
        "price": 62808.1,
        "qty": 0.47671,
        "cumulative": 5.1135
      },
      {
        "side": "buy",
        "layer": 36,
        "price": 62808.09,
        "qty": 0.57333,
        "cumulative": 4.63679
      },
      {
        "side": "buy",
        "layer": 41,
        "price": 62807,
        "qty": 0.34,
        "cumulative": 5.88469
      },
      {
        "side": "buy",
        "layer": 54,
        "price": 62805.73,
        "qty": 0.73414,
        "cumulative": 11.33665
      },
      {
        "side": "buy",
        "layer": 61,
        "price": 62805.03,
        "qty": 0.66,
        "cumulative": 11.99665
      },
      {
        "side": "buy",
        "layer": 73,
        "price": 62803.58,
        "qty": 0.60426,
        "cumulative": 12.60091
      },
      {
        "side": "buy",
        "layer": 80,
        "price": 62803.14,
        "qty": 1.53377,
        "cumulative": 10.60251
      },
      {
        "side": "buy",
        "layer": 97,
        "price": 62801.3,
        "qty": 3.18405,
        "cumulative": 9.06874
      },
      {
        "side": "buy",
        "layer": 148,
        "price": 62796.23,
        "qty": 1.73184,
        "cumulative": 20.70116
      },
      {
        "side": "buy",
        "layer": 152,
        "price": 62795.72,
        "qty": 3.18405,
        "cumulative": 18.96932
      },
      {
        "side": "buy",
        "layer": 175,
        "price": 62792.67,
        "qty": 0.57388,
        "cumulative": 22.49869
      },
      {
        "side": "buy",
        "layer": 188,
        "price": 62790.06,
        "qty": 1.22365,
        "cumulative": 21.92481
      },
      {
        "side": "buy",
        "layer": 196,
        "price": 62789.01,
        "qty": 3.18436,
        "cumulative": 15.78527
      },
      {
        "side": "buy",
        "layer": 223,
        "price": 62784.14,
        "qty": 4.81683,
        "cumulative": 27.31552
      },
      {
        "side": "buy",
        "layer": 261,
        "price": 62779.25,
        "qty": 3.18248,
        "cumulative": 40.04882
      },
      {
        "side": "buy",
        "layer": 327,
        "price": 62770.39,
        "qty": 3.18319,
        "cumulative": 33.68322
      },
      {
        "side": "buy",
        "layer": 394,
        "price": 62761.9,
        "qty": 3.18451,
        "cumulative": 30.50003
      },
      {
        "side": "buy",
        "layer": 452,
        "price": 62753.41,
        "qty": 3.18312,
        "cumulative": 36.86634
      },
      {
        "side": "buy",
        "layer": 626,
        "price": 62724.72,
        "qty": 4.78761,
        "cumulative": 65.53971
      },
      {
        "side": "buy",
        "layer": 737,
        "price": 62705.01,
        "qty": 4.78911,
        "cumulative": 60.7521
      },
      {
        "side": "buy",
        "layer": 776,
        "price": 62696.92,
        "qty": 4.78973,
        "cumulative": 55.96299
      },
      {
        "side": "buy",
        "layer": 906,
        "price": 62665.09,
        "qty": 6.33193,
        "cumulative": 46.38075
      },
      {
        "side": "buy",
        "layer": 922,
        "price": 62660.41,
        "qty": 4.79251,
        "cumulative": 51.17326
      }
    ],
    "sells": [
      {
        "side": "sell",
        "layer": 1,
        "price": 62813.05,
        "qty": 0.21596,
        "cumulative": 1.52047
      },
      {
        "side": "sell",
        "layer": 24,
        "price": 62817.41,
        "qty": 0.35144,
        "cumulative": 1.30451
      },
      {
        "side": "sell",
        "layer": 25,
        "price": 62817.42,
        "qty": 0.47679,
        "cumulative": 0.47679
      },
      {
        "side": "sell",
        "layer": 34,
        "price": 62818.55,
        "qty": 0.47628,
        "cumulative": 0.95307
      },
      {
        "side": "sell",
        "layer": 36,
        "price": 62818.99,
        "qty": 0.108,
        "cumulative": 1.62847
      },
      {
        "side": "sell",
        "layer": 60,
        "price": 62822.11,
        "qty": 0.47683,
        "cumulative": 11.061979999999998
      },
      {
        "side": "sell",
        "layer": 64,
        "price": 62822.43,
        "qty": 1.35107,
        "cumulative": 9.347999999999999
      },
      {
        "side": "sell",
        "layer": 65,
        "price": 62822.44,
        "qty": 3.18423,
        "cumulative": 4.8126999999999995
      },
      {
        "side": "sell",
        "layer": 96,
        "price": 62826.2,
        "qty": 1.23715,
        "cumulative": 10.585149999999999
      },
      {
        "side": "sell",
        "layer": 97,
        "price": 62826.21,
        "qty": 3.18423,
        "cumulative": 7.996929999999999
      },
      {
        "side": "sell",
        "layer": 128,
        "price": 62830.01,
        "qty": 1.23743,
        "cumulative": 22.190139999999996
      },
      {
        "side": "sell",
        "layer": 129,
        "price": 62830.02,
        "qty": 3.18423,
        "cumulative": 17.907149999999998
      },
      {
        "side": "sell",
        "layer": 141,
        "price": 62831.48,
        "qty": 1.6043,
        "cumulative": 19.511449999999996
      },
      {
        "side": "sell",
        "layer": 170,
        "price": 62836.09,
        "qty": 1.44126,
        "cumulative": 20.952709999999996
      },
      {
        "side": "sell",
        "layer": 171,
        "price": 62836.1,
        "qty": 3.66094,
        "cumulative": 14.722919999999998
      },
      {
        "side": "sell",
        "layer": 333,
        "price": 62864.22,
        "qty": 4.04116,
        "cumulative": 40.556709999999995
      },
      {
        "side": "sell",
        "layer": 353,
        "price": 62867.56,
        "qty": 3.76793,
        "cumulative": 44.324639999999995
      },
      {
        "side": "sell",
        "layer": 385,
        "price": 62874.96,
        "qty": 4.77615,
        "cumulative": 26.966289999999997
      },
      {
        "side": "sell",
        "layer": 443,
        "price": 62887.88,
        "qty": 4.77517,
        "cumulative": 31.741459999999996
      },
      {
        "side": "sell",
        "layer": 498,
        "price": 62902.22,
        "qty": 4.77409,
        "cumulative": 36.51555
      },
      {
        "side": "sell",
        "layer": 574,
        "price": 62922.48,
        "qty": 4.77255,
        "cumulative": 60.12602999999999
      },
      {
        "side": "sell",
        "layer": 593,
        "price": 62928.56,
        "qty": 4.78097,
        "cumulative": 55.35347999999999
      },
      {
        "side": "sell",
        "layer": 600,
        "price": 62931.46,
        "qty": 4.77187,
        "cumulative": 64.89789999999999
      },
      {
        "side": "sell",
        "layer": 730,
        "price": 62971.43,
        "qty": 6.24787,
        "cumulative": 50.572509999999994
      },
      {
        "side": "sell",
        "layer": 752,
        "price": 62978.2,
        "qty": 4.76834,
        "cumulative": 69.66623999999999
      }
    ]
  },
  "updatedAt": 1783335420929
}