{
  "symbol": "btcusdt",
  "timeframe": "1m",
  "candle": {
    "startTime": 1783322880000,
    "open": 63017.79,
    "high": 63017.8,
    "low": 62992,
    "close": 62992.01,
    "volume": 1333,
    "direction": "down",
    "volatility": 25.80000000000291,
    "totalVolume": 1333
  },
  "trades": {
    "count": 15359,
    "buyVolume": 76.5394499999964,
    "sellVolume": 35.98421000000065,
    "bigTrades": [
      {
        "price": 62971.93,
        "qty": 0.9125,
        "side": "buy",
        "value": 57461.886125,
        "time": 1783322265457
      },
      {
        "price": 62975,
        "qty": 5.9431,
        "side": "sell",
        "value": 374266.72250000003,
        "time": 1783322323640
      },
      {
        "price": 62988,
        "qty": 0.80412,
        "side": "sell",
        "value": 50649.91056,
        "time": 1783322413832
      },
      {
        "price": 62986.01,
        "qty": 0.91429,
        "side": "buy",
        "value": 57587.479082900005,
        "time": 1783322417397
      },
      {
        "price": 62986.01,
        "qty": 0.80276,
        "side": "buy",
        "value": 50562.6493876,
        "time": 1783322417397
      },
      {
        "price": 62986.01,
        "qty": 1.90325,
        "side": "buy",
        "value": 119878.12353250002,
        "time": 1783322417397
      },
      {
        "price": 62986.11,
        "qty": 0.8797,
        "side": "buy",
        "value": 55408.880967000005,
        "time": 1783322448705
      },
      {
        "price": 62986.11,
        "qty": 1.10554,
        "side": "buy",
        "value": 69633.6640494,
        "time": 1783322448707
      },
      {
        "price": 62976.01,
        "qty": 0.85195,
        "side": "buy",
        "value": 53652.4117195,
        "time": 1783322478452
      },
      {
        "price": 62990.01,
        "qty": 1.00001,
        "side": "buy",
        "value": 62990.6399001,
        "time": 1783322483495
      },
      {
        "price": 63000,
        "qty": 0.87275,
        "side": "buy",
        "value": 54983.25,
        "time": 1783322495077
      },
      {
        "price": 63022.15,
        "qty": 1.10502,
        "side": "buy",
        "value": 69640.73619299999,
        "time": 1783322541954
      },
      {
        "price": 63000.16,
        "qty": 0.802,
        "side": "buy",
        "value": 50526.12832,
        "time": 1783322658223
      },
      {
        "price": 63008.26,
        "qty": 1.32317,
        "side": "buy",
        "value": 83370.6393842,
        "time": 1783322791704
      },
      {
        "price": 63008.26,
        "qty": 1.90325,
        "side": "buy",
        "value": 119920.470845,
        "time": 1783322791705
      },
      {
        "price": 63008.26,
        "qty": 0.97545,
        "side": "buy",
        "value": 61461.40721700001,
        "time": 1783322791705
      },
      {
        "price": 63008.26,
        "qty": 1.0194,
        "side": "buy",
        "value": 64230.620244000005,
        "time": 1783322798044
      },
      {
        "price": 63009.95,
        "qty": 1.1626,
        "side": "buy",
        "value": 73255.36787,
        "time": 1783322798047
      },
      {
        "price": 63009.96,
        "qty": 1.90325,
        "side": "buy",
        "value": 119923.70637,
        "time": 1783322798047
      },
      {
        "price": 63026.48,
        "qty": 1.90325,
        "side": "buy",
        "value": 119955.14806,
        "time": 1783322853345
      },
      {
        "price": 63026.48,
        "qty": 1.06733,
        "side": "sell",
        "value": 67270.0528984,
        "time": 1783322865565
      },
      {
        "price": 63009.96,
        "qty": 1.13039,
        "side": "sell",
        "value": 71225.8286844,
        "time": 1783322898601
      },
      {
        "price": 63008.6,
        "qty": 1.27627,
        "side": "sell",
        "value": 80415.98592199999,
        "time": 1783322898614
      }
    ]
  },
  "depthImportant": {
    "buys": [
      {
        "side": "buy",
        "layer": 1,
        "price": 62992,
        "qty": 0.1241,
        "cumulative": 0.51539
      },
      {
        "side": "buy",
        "layer": 21,
        "price": 62987.65,
        "qty": 0.11149,
        "cumulative": 0.62688
      },
      {
        "side": "buy",
        "layer": 31,
        "price": 62986.3,
        "qty": 0.12961,
        "cumulative": 0.39129
      },
      {
        "side": "buy",
        "layer": 40,
        "price": 62985.35,
        "qty": 0.13084,
        "cumulative": 0.13084
      },
      {
        "side": "buy",
        "layer": 49,
        "price": 62984.5,
        "qty": 0.13084,
        "cumulative": 0.26168
      },
      {
        "side": "buy",
        "layer": 51,
        "price": 62984.19,
        "qty": 0.13085,
        "cumulative": 1.5519
      },
      {
        "side": "buy",
        "layer": 63,
        "price": 62982.71,
        "qty": 0.13084,
        "cumulative": 1.81359
      },
      {
        "side": "buy",
        "layer": 64,
        "price": 62982.7,
        "qty": 0.66,
        "cumulative": 1.28688
      },
      {
        "side": "buy",
        "layer": 90,
        "price": 62980.01,
        "qty": 0.13085,
        "cumulative": 1.68275
      },
      {
        "side": "buy",
        "layer": 91,
        "price": 62980,
        "qty": 0.13417,
        "cumulative": 1.4210500000000001
      },
      {
        "side": "buy",
        "layer": 140,
        "price": 62973.54,
        "qty": 1.90325,
        "cumulative": 13.73196
      },
      {
        "side": "buy",
        "layer": 142,
        "price": 62973.49,
        "qty": 2.45359,
        "cumulative": 11.828710000000001
      },
      {
        "side": "buy",
        "layer": 152,
        "price": 62971.99,
        "qty": 7.56153,
        "cumulative": 9.37512
      },
      {
        "side": "buy",
        "layer": 170,
        "price": 62969.69,
        "qty": 1.60078,
        "cumulative": 17.23599
      },
      {
        "side": "buy",
        "layer": 188,
        "price": 62968.34,
        "qty": 1.90325,
        "cumulative": 15.63521
      },
      {
        "side": "buy",
        "layer": 301,
        "price": 62952.06,
        "qty": 2.47083,
        "cumulative": 34.790150000000004
      },
      {
        "side": "buy",
        "layer": 303,
        "price": 62952.04,
        "qty": 6.54522,
        "cumulative": 23.78121
      },
      {
        "side": "buy",
        "layer": 414,
        "price": 62927.97,
        "qty": 3.76431,
        "cumulative": 32.319320000000005
      },
      {
        "side": "buy",
        "layer": 476,
        "price": 62907.49,
        "qty": 2.12131,
        "cumulative": 36.911460000000005
      },
      {
        "side": "buy",
        "layer": 479,
        "price": 62907.45,
        "qty": 4.7738,
        "cumulative": 28.555010000000003
      },
      {
        "side": "buy",
        "layer": 932,
        "price": 61500,
        "qty": 38.54709,
        "cumulative": 1048.41762
      },
      {
        "side": "buy",
        "layer": 961,
        "price": 60000,
        "qty": 619.23829,
        "cumulative": 656.14975
      },
      {
        "side": "buy",
        "layer": 978,
        "price": 59000,
        "qty": 62.25997,
        "cumulative": 1009.8705299999999
      },
      {
        "side": "buy",
        "layer": 994,
        "price": 58000,
        "qty": 110.86028,
        "cumulative": 947.61056
      },
      {
        "side": "buy",
        "layer": 1000,
        "price": 57500,
        "qty": 180.60053,
        "cumulative": 836.75028
      }
    ],
    "sells": [
      {
        "side": "sell",
        "layer": 1,
        "price": 62992.01,
        "qty": 8.71705,
        "cumulative": 8.71705
      },
      {
        "side": "sell",
        "layer": 12,
        "price": 62993.33,
        "qty": 0.84385,
        "cumulative": 12.57628
      },
      {
        "side": "sell",
        "layer": 16,
        "price": 62993.7,
        "qty": 3.01538,
        "cumulative": 11.73243
      },
      {
        "side": "sell",
        "layer": 32,
        "price": 62996.01,
        "qty": 0.60122,
        "cumulative": 13.1775
      },
      {
        "side": "sell",
        "layer": 39,
        "price": 62997.49,
        "qty": 0.54445,
        "cumulative": 13.72195
      },
      {
        "side": "sell",
        "layer": 53,
        "price": 62998.91,
        "qty": 0.38096,
        "cumulative": 17.1524
      },
      {
        "side": "sell",
        "layer": 57,
        "price": 62999.11,
        "qty": 0.4762,
        "cumulative": 16.77144
      },
      {
        "side": "sell",
        "layer": 66,
        "price": 63000.16,
        "qty": 0.6733,
        "cumulative": 16.29524
      },
      {
        "side": "sell",
        "layer": 78,
        "price": 63001.69,
        "qty": 0.79459,
        "cumulative": 15.621939999999999
      },
      {
        "side": "sell",
        "layer": 86,
        "price": 63002.14,
        "qty": 1.1054,
        "cumulative": 14.82735
      },
      {
        "side": "sell",
        "layer": 107,
        "price": 63004.73,
        "qty": 0.90127,
        "cumulative": 25.12327
      },
      {
        "side": "sell",
        "layer": 108,
        "price": 63004.74,
        "qty": 2.28421,
        "cumulative": 19.43661
      },
      {
        "side": "sell",
        "layer": 141,
        "price": 63009.46,
        "qty": 0.97889,
        "cumulative": 24.222
      },
      {
        "side": "sell",
        "layer": 142,
        "price": 63009.47,
        "qty": 1.90325,
        "cumulative": 21.33986
      },
      {
        "side": "sell",
        "layer": 175,
        "price": 63013.98,
        "qty": 1.90325,
        "cumulative": 23.24311
      },
      {
        "side": "sell",
        "layer": 377,
        "price": 63046.66,
        "qty": 2.37945,
        "cumulative": 42.30796
      },
      {
        "side": "sell",
        "layer": 425,
        "price": 63057.13,
        "qty": 2.54665,
        "cumulative": 39.92851
      },
      {
        "side": "sell",
        "layer": 426,
        "price": 63057.14,
        "qty": 3.74055,
        "cumulative": 37.38186
      },
      {
        "side": "sell",
        "layer": 432,
        "price": 63058.68,
        "qty": 4.7623,
        "cumulative": 29.88557
      },
      {
        "side": "sell",
        "layer": 481,
        "price": 63071.63,
        "qty": 3.75574,
        "cumulative": 33.641310000000004
      },
      {
        "side": "sell",
        "layer": 901,
        "price": 65000,
        "qty": 71.56969,
        "cumulative": 481.33417000000003
      },
      {
        "side": "sell",
        "layer": 915,
        "price": 67000,
        "qty": 89.25454,
        "cumulative": 321.36228000000006
      },
      {
        "side": "sell",
        "layer": 920,
        "price": 68000,
        "qty": 97.32828,
        "cumulative": 139.63624000000002
      },
      {
        "side": "sell",
        "layer": 929,
        "price": 70000,
        "qty": 92.4715,
        "cumulative": 232.10774000000004
      },
      {
        "side": "sell",
        "layer": 938,
        "price": 100000,
        "qty": 88.4022,
        "cumulative": 409.76448000000005
      }
    ]
  },
  "updatedAt": 1783322940550
}