{
  "symbol": "btcusdt",
  "timeframe": "1m",
  "candle": {
    "startTime": 1783336680000,
    "open": 62799.99,
    "high": 62818,
    "low": 62799.99,
    "close": 62818,
    "volume": 810,
    "direction": "up",
    "volatility": 18.010000000002037,
    "totalVolume": 810
  },
  "trades": {
    "count": 81855,
    "buyVolume": 180.65564999996852,
    "sellVolume": 199.9422699999652,
    "bigTrades": [
      {
        "price": 62859.14,
        "qty": 1.0194,
        "side": "sell",
        "value": 64078.607316,
        "time": 1783333103521
      },
      {
        "price": 62859.14,
        "qty": 0.98503,
        "side": "sell",
        "value": 61918.138674199996,
        "time": 1783333103792
      },
      {
        "price": 62856,
        "qty": 1.0194,
        "side": "buy",
        "value": 64075.40640000001,
        "time": 1783333143863
      },
      {
        "price": 62837.83,
        "qty": 1.01947,
        "side": "buy",
        "value": 64061.28255010001,
        "time": 1783333252137
      },
      {
        "price": 62876.57,
        "qty": 1.22566,
        "side": "buy",
        "value": 77065.2967862,
        "time": 1783333781160
      },
      {
        "price": 62876.57,
        "qty": 1.18937,
        "side": "buy",
        "value": 74783.5060609,
        "time": 1783333781161
      },
      {
        "price": 62883.53,
        "qty": 1.43429,
        "side": "buy",
        "value": 90193.2182437,
        "time": 1783333781194
      },
      {
        "price": 62883.54,
        "qty": 2.0898,
        "side": "buy",
        "value": 131414.021892,
        "time": 1783333781194
      },
      {
        "price": 62876,
        "qty": 0.96248,
        "side": "sell",
        "value": 60516.89248,
        "time": 1783333894957
      },
      {
        "price": 62882.02,
        "qty": 0.82074,
        "side": "buy",
        "value": 51609.7890948,
        "time": 1783333943400
      },
      {
        "price": 62979.04,
        "qty": 0.95754,
        "side": "sell",
        "value": 60304.949961599996,
        "time": 1783334049589
      },
      {
        "price": 62959.26,
        "qty": 0.80457,
        "side": "sell",
        "value": 50655.1318182,
        "time": 1783334302077
      },
      {
        "price": 62959.26,
        "qty": 1.8,
        "side": "sell",
        "value": 113326.668,
        "time": 1783334302077
      },
      {
        "price": 62959.26,
        "qty": 0.85232,
        "side": "sell",
        "value": 53661.4364832,
        "time": 1783334302078
      },
      {
        "price": 63025,
        "qty": 0.8507,
        "side": "sell",
        "value": 53615.3675,
        "time": 1783334389856
      },
      {
        "price": 63000,
        "qty": 1.01318,
        "side": "sell",
        "value": 63830.34,
        "time": 1783334434959
      },
      {
        "price": 62918.49,
        "qty": 1.0409,
        "side": "buy",
        "value": 65491.856240999994,
        "time": 1783334802646
      },
      {
        "price": 62894,
        "qty": 0.966,
        "side": "sell",
        "value": 60755.604,
        "time": 1783334929433
      },
      {
        "price": 62871.46,
        "qty": 4.21317,
        "side": "sell",
        "value": 264888.14912819996,
        "time": 1783334970246
      },
      {
        "price": 62827.8,
        "qty": 0.9888,
        "side": "buy",
        "value": 62124.12864,
        "time": 1783335003475
      },
      {
        "price": 62827.8,
        "qty": 3.18352,
        "side": "buy",
        "value": 200013.55785600003,
        "time": 1783335003477
      },
      {
        "price": 62833.43,
        "qty": 0.99935,
        "side": "buy",
        "value": 62792.5882705,
        "time": 1783335197280
      },
      {
        "price": 62840.01,
        "qty": 0.8167,
        "side": "buy",
        "value": 51321.436167,
        "time": 1783335224033
      },
      {
        "price": 62820,
        "qty": 3.18369,
        "side": "buy",
        "value": 199999.4058,
        "time": 1783335565420
      },
      {
        "price": 62871.03,
        "qty": 1.36622,
        "side": "sell",
        "value": 85895.6586066,
        "time": 1783335908214
      },
      {
        "price": 62870.71,
        "qty": 0.86668,
        "side": "sell",
        "value": 54488.7869428,
        "time": 1783335926908
      },
      {
        "price": 62870.71,
        "qty": 4.77182,
        "side": "sell",
        "value": 300007.71139219997,
        "time": 1783335928709
      },
      {
        "price": 62864.76,
        "qty": 0.91128,
        "side": "sell",
        "value": 57287.3984928,
        "time": 1783335983408
      },
      {
        "price": 62850.01,
        "qty": 0.84409,
        "side": "buy",
        "value": 53051.0649409,
        "time": 1783335991595
      },
      {
        "price": 62819.85,
        "qty": 0.87148,
        "side": "sell",
        "value": 54746.242878,
        "time": 1783336539602
      },
      {
        "price": 62819.85,
        "qty": 1.1893,
        "side": "sell",
        "value": 74711.647605,
        "time": 1783336539603
      },
      {
        "price": 62807.68,
        "qty": 0.83728,
        "side": "sell",
        "value": 52587.6143104,
        "time": 1783336572523
      },
      {
        "price": 62800,
        "qty": 1.13713,
        "side": "buy",
        "value": 71411.764,
        "time": 1783336689607
      }
    ]
  },
  "depthImportant": {
    "buys": [
      {
        "side": "buy",
        "layer": 1,
        "price": 62817.99,
        "qty": 8.28233,
        "cumulative": 8.28233
      },
      {
        "side": "buy",
        "layer": 18,
        "price": 62815.87,
        "qty": 0.57991,
        "cumulative": 14.049109999999999
      },
      {
        "side": "buy",
        "layer": 32,
        "price": 62814.03,
        "qty": 1.39965,
        "cumulative": 12.865779999999999
      },
      {
        "side": "buy",
        "layer": 33,
        "price": 62814.02,
        "qty": 3.1838,
        "cumulative": 11.46613
      },
      {
        "side": "buy",
        "layer": 40,
        "price": 62812.01,
        "qty": 0.60342,
        "cumulative": 13.469199999999999
      },
      {
        "side": "buy",
        "layer": 66,
        "price": 62808.4,
        "qty": 0.69069,
        "cumulative": 19.64117
      },
      {
        "side": "buy",
        "layer": 67,
        "price": 62808.39,
        "qty": 1.13828,
        "cumulative": 18.95048
      },
      {
        "side": "buy",
        "layer": 76,
        "price": 62807.99,
        "qty": 3.76309,
        "cumulative": 17.812199999999997
      },
      {
        "side": "buy",
        "layer": 82,
        "price": 62806.32,
        "qty": 0.66,
        "cumulative": 20.30117
      },
      {
        "side": "buy",
        "layer": 85,
        "price": 62806.02,
        "qty": 0.57543,
        "cumulative": 20.8766
      },
      {
        "side": "buy",
        "layer": 133,
        "price": 62798.03,
        "qty": 3.18451,
        "cumulative": 30.90673
      },
      {
        "side": "buy",
        "layer": 149,
        "price": 62795.94,
        "qty": 1.41232,
        "cumulative": 33.89726
      },
      {
        "side": "buy",
        "layer": 166,
        "price": 62793.73,
        "qty": 3.66091,
        "cumulative": 24.53751
      },
      {
        "side": "buy",
        "layer": 182,
        "price": 62790.28,
        "qty": 1.57821,
        "cumulative": 32.48494
      },
      {
        "side": "buy",
        "layer": 187,
        "price": 62789.39,
        "qty": 3.18471,
        "cumulative": 27.72222
      },
      {
        "side": "buy",
        "layer": 213,
        "price": 62784.85,
        "qty": 3.18471,
        "cumulative": 43.453
      },
      {
        "side": "buy",
        "layer": 259,
        "price": 62777.59,
        "qty": 3.18548,
        "cumulative": 40.26829
      },
      {
        "side": "buy",
        "layer": 292,
        "price": 62773.3,
        "qty": 3.18555,
        "cumulative": 37.08281
      },
      {
        "side": "buy",
        "layer": 331,
        "price": 62768.58,
        "qty": 1.71376,
        "cumulative": 48.350660000000005
      },
      {
        "side": "buy",
        "layer": 332,
        "price": 62768.57,
        "qty": 3.1839,
        "cumulative": 46.636900000000004
      },
      {
        "side": "buy",
        "layer": 686,
        "price": 62712.35,
        "qty": 4.78841,
        "cumulative": 73.84111000000001
      },
      {
        "side": "buy",
        "layer": 850,
        "price": 62680.85,
        "qty": 4.79091,
        "cumulative": 69.05270000000002
      },
      {
        "side": "buy",
        "layer": 886,
        "price": 62672.81,
        "qty": 6.32648,
        "cumulative": 54.67714000000001
      },
      {
        "side": "buy",
        "layer": 888,
        "price": 62672.08,
        "qty": 4.79148,
        "cumulative": 64.26179000000002
      },
      {
        "side": "buy",
        "layer": 988,
        "price": 62649.94,
        "qty": 4.79317,
        "cumulative": 59.47031000000001
      }
    ],
    "sells": [
      {
        "side": "sell",
        "layer": 1,
        "price": 62818,
        "qty": 1.37694,
        "cumulative": 1.37694
      },
      {
        "side": "sell",
        "layer": 11,
        "price": 62819.85,
        "qty": 0.1434,
        "cumulative": 2.2361600000000004
      },
      {
        "side": "sell",
        "layer": 32,
        "price": 62823.19,
        "qty": 0.10817,
        "cumulative": 2.3443300000000002
      },
      {
        "side": "sell",
        "layer": 49,
        "price": 62825.12,
        "qty": 0.31757,
        "cumulative": 2.09276
      },
      {
        "side": "sell",
        "layer": 50,
        "price": 62825.13,
        "qty": 0.39825,
        "cumulative": 1.77519
      },
      {
        "side": "sell",
        "layer": 65,
        "price": 62826.97,
        "qty": 0.4762,
        "cumulative": 3.7739500000000006
      },
      {
        "side": "sell",
        "layer": 71,
        "price": 62827.29,
        "qty": 0.47671,
        "cumulative": 2.8210400000000004
      },
      {
        "side": "sell",
        "layer": 85,
        "price": 62828.88,
        "qty": 0.31177,
        "cumulative": 4.08572
      },
      {
        "side": "sell",
        "layer": 90,
        "price": 62829.6,
        "qty": 0.225,
        "cumulative": 4.31072
      },
      {
        "side": "sell",
        "layer": 100,
        "price": 62830.39,
        "qty": 0.47671,
        "cumulative": 3.2977500000000006
      },
      {
        "side": "sell",
        "layer": 124,
        "price": 62833.21,
        "qty": 1.26014,
        "cumulative": 15.29728
      },
      {
        "side": "sell",
        "layer": 125,
        "price": 62833.22,
        "qty": 3.1839,
        "cumulative": 10.67933
      },
      {
        "side": "sell",
        "layer": 158,
        "price": 62836.54,
        "qty": 1.60417,
        "cumulative": 14.03714
      },
      {
        "side": "sell",
        "layer": 172,
        "price": 62838.85,
        "qty": 1.75364,
        "cumulative": 12.432970000000001
      },
      {
        "side": "sell",
        "layer": 174,
        "price": 62838.92,
        "qty": 3.18471,
        "cumulative": 7.49543
      },
      {
        "side": "sell",
        "layer": 223,
        "price": 62846.46,
        "qty": 3.18471,
        "cumulative": 31.06671
      },
      {
        "side": "sell",
        "layer": 270,
        "price": 62853.3,
        "qty": 3.18471,
        "cumulative": 34.25142
      },
      {
        "side": "sell",
        "layer": 355,
        "price": 62867.36,
        "qty": 3.76794,
        "cumulative": 27.882
      },
      {
        "side": "sell",
        "layer": 409,
        "price": 62875.81,
        "qty": 4.77596,
        "cumulative": 20.073240000000002
      },
      {
        "side": "sell",
        "layer": 465,
        "price": 62888.49,
        "qty": 4.04082,
        "cumulative": 24.114060000000002
      },
      {
        "side": "sell",
        "layer": 524,
        "price": 62903.93,
        "qty": 4.77382,
        "cumulative": 45.284850000000006
      },
      {
        "side": "sell",
        "layer": 571,
        "price": 62916.01,
        "qty": 4.77291,
        "cumulative": 50.05776000000001
      },
      {
        "side": "sell",
        "layer": 592,
        "price": 62923.56,
        "qty": 4.77233,
        "cumulative": 54.83009000000001
      },
      {
        "side": "sell",
        "layer": 628,
        "price": 62934.17,
        "qty": 4.77153,
        "cumulative": 59.60162000000001
      },
      {
        "side": "sell",
        "layer": 771,
        "price": 62978.78,
        "qty": 6.25961,
        "cumulative": 40.511030000000005
      }
    ]
  },
  "updatedAt": 1783336740251
}