{
  "symbol": "btcusdt",
  "timeframe": "1m",
  "candle": {
    "startTime": 1783336200000,
    "open": 62812,
    "high": 62816,
    "low": 62801.8,
    "close": 62803.46,
    "volume": 695,
    "direction": "down",
    "volatility": 14.19999999999709,
    "totalVolume": 695
  },
  "trades": {
    "count": 75924,
    "buyVolume": 171.13465999997084,
    "sellVolume": 185.74412999996747,
    "bigTrades": [
      {
        "price": 62859.14,
        "qty": 1.0194,
        "side": "sell",
        "value": 64078.607316,
        "time": 1783333103521
      },
      {
        "price": 62859.14,
        "qty": 0.98503,
        "side": "sell",
        "value": 61918.138674199996,
        "time": 1783333103792
      },
      {
        "price": 62856,
        "qty": 1.0194,
        "side": "buy",
        "value": 64075.40640000001,
        "time": 1783333143863
      },
      {
        "price": 62837.83,
        "qty": 1.01947,
        "side": "buy",
        "value": 64061.28255010001,
        "time": 1783333252137
      },
      {
        "price": 62876.57,
        "qty": 1.22566,
        "side": "buy",
        "value": 77065.2967862,
        "time": 1783333781160
      },
      {
        "price": 62876.57,
        "qty": 1.18937,
        "side": "buy",
        "value": 74783.5060609,
        "time": 1783333781161
      },
      {
        "price": 62883.53,
        "qty": 1.43429,
        "side": "buy",
        "value": 90193.2182437,
        "time": 1783333781194
      },
      {
        "price": 62883.54,
        "qty": 2.0898,
        "side": "buy",
        "value": 131414.021892,
        "time": 1783333781194
      },
      {
        "price": 62876,
        "qty": 0.96248,
        "side": "sell",
        "value": 60516.89248,
        "time": 1783333894957
      },
      {
        "price": 62882.02,
        "qty": 0.82074,
        "side": "buy",
        "value": 51609.7890948,
        "time": 1783333943400
      },
      {
        "price": 62979.04,
        "qty": 0.95754,
        "side": "sell",
        "value": 60304.949961599996,
        "time": 1783334049589
      },
      {
        "price": 62959.26,
        "qty": 0.80457,
        "side": "sell",
        "value": 50655.1318182,
        "time": 1783334302077
      },
      {
        "price": 62959.26,
        "qty": 1.8,
        "side": "sell",
        "value": 113326.668,
        "time": 1783334302077
      },
      {
        "price": 62959.26,
        "qty": 0.85232,
        "side": "sell",
        "value": 53661.4364832,
        "time": 1783334302078
      },
      {
        "price": 63025,
        "qty": 0.8507,
        "side": "sell",
        "value": 53615.3675,
        "time": 1783334389856
      },
      {
        "price": 63000,
        "qty": 1.01318,
        "side": "sell",
        "value": 63830.34,
        "time": 1783334434959
      },
      {
        "price": 62918.49,
        "qty": 1.0409,
        "side": "buy",
        "value": 65491.856240999994,
        "time": 1783334802646
      },
      {
        "price": 62894,
        "qty": 0.966,
        "side": "sell",
        "value": 60755.604,
        "time": 1783334929433
      },
      {
        "price": 62871.46,
        "qty": 4.21317,
        "side": "sell",
        "value": 264888.14912819996,
        "time": 1783334970246
      },
      {
        "price": 62827.8,
        "qty": 0.9888,
        "side": "buy",
        "value": 62124.12864,
        "time": 1783335003475
      },
      {
        "price": 62827.8,
        "qty": 3.18352,
        "side": "buy",
        "value": 200013.55785600003,
        "time": 1783335003477
      },
      {
        "price": 62833.43,
        "qty": 0.99935,
        "side": "buy",
        "value": 62792.5882705,
        "time": 1783335197280
      },
      {
        "price": 62840.01,
        "qty": 0.8167,
        "side": "buy",
        "value": 51321.436167,
        "time": 1783335224033
      },
      {
        "price": 62820,
        "qty": 3.18369,
        "side": "buy",
        "value": 199999.4058,
        "time": 1783335565420
      },
      {
        "price": 62871.03,
        "qty": 1.36622,
        "side": "sell",
        "value": 85895.6586066,
        "time": 1783335908214
      },
      {
        "price": 62870.71,
        "qty": 0.86668,
        "side": "sell",
        "value": 54488.7869428,
        "time": 1783335926908
      },
      {
        "price": 62870.71,
        "qty": 4.77182,
        "side": "sell",
        "value": 300007.71139219997,
        "time": 1783335928709
      },
      {
        "price": 62864.76,
        "qty": 0.91128,
        "side": "sell",
        "value": 57287.3984928,
        "time": 1783335983408
      },
      {
        "price": 62850.01,
        "qty": 0.84409,
        "side": "buy",
        "value": 53051.0649409,
        "time": 1783335991595
      }
    ]
  },
  "depthImportant": {
    "buys": [
      {
        "side": "buy",
        "layer": 1,
        "price": 62803.45,
        "qty": 2.38305,
        "cumulative": 2.38305
      },
      {
        "side": "buy",
        "layer": 11,
        "price": 62801.84,
        "qty": 0.22407,
        "cumulative": 3.09657
      },
      {
        "side": "buy",
        "layer": 29,
        "price": 62800.16,
        "qty": 0.48945,
        "cumulative": 2.8725
      },
      {
        "side": "buy",
        "layer": 35,
        "price": 62800,
        "qty": 0.20556,
        "cumulative": 3.30213
      },
      {
        "side": "buy",
        "layer": 44,
        "price": 62798.37,
        "qty": 0.15,
        "cumulative": 3.45213
      },
      {
        "side": "buy",
        "layer": 58,
        "price": 62796.82,
        "qty": 1.39905,
        "cumulative": 9.698070000000001
      },
      {
        "side": "buy",
        "layer": 63,
        "price": 62795.84,
        "qty": 0.47671,
        "cumulative": 10.834780000000002
      },
      {
        "side": "buy",
        "layer": 70,
        "price": 62795.09,
        "qty": 3.18453,
        "cumulative": 6.63666
      },
      {
        "side": "buy",
        "layer": 73,
        "price": 62794.56,
        "qty": 0.66,
        "cumulative": 10.358070000000001
      },
      {
        "side": "buy",
        "layer": 85,
        "price": 62793.42,
        "qty": 1.66236,
        "cumulative": 8.29902
      },
      {
        "side": "buy",
        "layer": 104,
        "price": 62790.84,
        "qty": 3.18453,
        "cumulative": 14.019310000000003
      },
      {
        "side": "buy",
        "layer": 106,
        "price": 62790.6,
        "qty": 0.95291,
        "cumulative": 20.82297
      },
      {
        "side": "buy",
        "layer": 148,
        "price": 62785.15,
        "qty": 1.15073,
        "cumulative": 19.870060000000002
      },
      {
        "side": "buy",
        "layer": 152,
        "price": 62784.91,
        "qty": 3.18142,
        "cumulative": 17.200730000000004
      },
      {
        "side": "buy",
        "layer": 188,
        "price": 62781.05,
        "qty": 1.5186,
        "cumulative": 18.719330000000003
      },
      {
        "side": "buy",
        "layer": 210,
        "price": 62778.06,
        "qty": 3.18217,
        "cumulative": 36.74113
      },
      {
        "side": "buy",
        "layer": 316,
        "price": 62764.9,
        "qty": 3.18303,
        "cumulative": 33.55896
      },
      {
        "side": "buy",
        "layer": 360,
        "price": 62757.74,
        "qty": 3.1839,
        "cumulative": 30.37593
      },
      {
        "side": "buy",
        "layer": 422,
        "price": 62749.78,
        "qty": 3.18453,
        "cumulative": 24.0075
      },
      {
        "side": "buy",
        "layer": 466,
        "price": 62742.09,
        "qty": 3.18453,
        "cumulative": 27.19203
      },
      {
        "side": "buy",
        "layer": 643,
        "price": 62712.35,
        "qty": 4.78841,
        "cumulative": 62.465379999999996
      },
      {
        "side": "buy",
        "layer": 797,
        "price": 62680.85,
        "qty": 4.79091,
        "cumulative": 57.67697
      },
      {
        "side": "buy",
        "layer": 874,
        "price": 62662.33,
        "qty": 4.79223,
        "cumulative": 52.88606
      },
      {
        "side": "buy",
        "layer": 879,
        "price": 62661.55,
        "qty": 4.79239,
        "cumulative": 48.09383
      },
      {
        "side": "buy",
        "layer": 890,
        "price": 62659.26,
        "qty": 6.56031,
        "cumulative": 43.30144
      }
    ],
    "sells": [
      {
        "side": "sell",
        "layer": 1,
        "price": 62803.46,
        "qty": 2.25477,
        "cumulative": 2.25477
      },
      {
        "side": "sell",
        "layer": 17,
        "price": 62806.74,
        "qty": 0.38423,
        "cumulative": 5.30267
      },
      {
        "side": "sell",
        "layer": 18,
        "price": 62806.75,
        "qty": 0.58227,
        "cumulative": 4.44191
      },
      {
        "side": "sell",
        "layer": 28,
        "price": 62809.13,
        "qty": 1.60487,
        "cumulative": 3.85964
      },
      {
        "side": "sell",
        "layer": 39,
        "price": 62810.67,
        "qty": 0.47653,
        "cumulative": 4.91844
      },
      {
        "side": "sell",
        "layer": 53,
        "price": 62813.63,
        "qty": 0.92912,
        "cumulative": 12.49608
      },
      {
        "side": "sell",
        "layer": 55,
        "price": 62814.01,
        "qty": 0.80554,
        "cumulative": 13.30162
      },
      {
        "side": "sell",
        "layer": 71,
        "price": 62815.99,
        "qty": 1.48836,
        "cumulative": 11.56696
      },
      {
        "side": "sell",
        "layer": 85,
        "price": 62817.69,
        "qty": 3.18453,
        "cumulative": 8.4872
      },
      {
        "side": "sell",
        "layer": 100,
        "price": 62819.11,
        "qty": 1.5914,
        "cumulative": 10.0786
      },
      {
        "side": "sell",
        "layer": 110,
        "price": 62821.47,
        "qty": 3.18453,
        "cumulative": 16.48615
      },
      {
        "side": "sell",
        "layer": 130,
        "price": 62825.24,
        "qty": 3.1839,
        "cumulative": 19.67005
      },
      {
        "side": "sell",
        "layer": 158,
        "price": 62829.34,
        "qty": 1.68998,
        "cumulative": 27.72732
      },
      {
        "side": "sell",
        "layer": 161,
        "price": 62829.99,
        "qty": 3.1839,
        "cumulative": 22.85395
      },
      {
        "side": "sell",
        "layer": 180,
        "price": 62833.83,
        "qty": 3.18339,
        "cumulative": 26.03734
      },
      {
        "side": "sell",
        "layer": 202,
        "price": 62837.98,
        "qty": 3.18303,
        "cumulative": 46.5907
      },
      {
        "side": "sell",
        "layer": 280,
        "price": 62853.76,
        "qty": 3.18453,
        "cumulative": 43.407669999999996
      },
      {
        "side": "sell",
        "layer": 289,
        "price": 62855.17,
        "qty": 3.76867,
        "cumulative": 40.223139999999994
      },
      {
        "side": "sell",
        "layer": 384,
        "price": 62874.59,
        "qty": 4.77605,
        "cumulative": 32.50337
      },
      {
        "side": "sell",
        "layer": 455,
        "price": 62888.39,
        "qty": 3.9511,
        "cumulative": 36.45446999999999
      },
      {
        "side": "sell",
        "layer": 595,
        "price": 62930.43,
        "qty": 4.77181,
        "cumulative": 57.56318
      },
      {
        "side": "sell",
        "layer": 672,
        "price": 62957.04,
        "qty": 4.76979,
        "cumulative": 62.33297
      },
      {
        "side": "sell",
        "layer": 694,
        "price": 62963.36,
        "qty": 6.20067,
        "cumulative": 52.79137
      },
      {
        "side": "sell",
        "layer": 763,
        "price": 62985.23,
        "qty": 4.76776,
        "cumulative": 67.10073
      },
      {
        "side": "sell",
        "layer": 871,
        "price": 63019.22,
        "qty": 4.7652,
        "cumulative": 71.86592999999999
      }
    ]
  },
  "updatedAt": 1783336260419
}