{
  "symbol": "btcusdt",
  "timeframe": "1m",
  "candle": {
    "startTime": 1783334340000,
    "open": 62988.12,
    "high": 63030,
    "low": 62978,
    "close": 63020,
    "volume": 2895,
    "direction": "up",
    "volatility": 52,
    "totalVolume": 2895
  },
  "trades": {
    "count": 32697,
    "buyVolume": 75.5519699999924,
    "sellVolume": 95.80297999999259,
    "bigTrades": [
      {
        "price": 62859.14,
        "qty": 1.0194,
        "side": "sell",
        "value": 64078.607316,
        "time": 1783333103521
      },
      {
        "price": 62859.14,
        "qty": 0.98503,
        "side": "sell",
        "value": 61918.138674199996,
        "time": 1783333103792
      },
      {
        "price": 62856,
        "qty": 1.0194,
        "side": "buy",
        "value": 64075.40640000001,
        "time": 1783333143863
      },
      {
        "price": 62837.83,
        "qty": 1.01947,
        "side": "buy",
        "value": 64061.28255010001,
        "time": 1783333252137
      },
      {
        "price": 62876.57,
        "qty": 1.22566,
        "side": "buy",
        "value": 77065.2967862,
        "time": 1783333781160
      },
      {
        "price": 62876.57,
        "qty": 1.18937,
        "side": "buy",
        "value": 74783.5060609,
        "time": 1783333781161
      },
      {
        "price": 62883.53,
        "qty": 1.43429,
        "side": "buy",
        "value": 90193.2182437,
        "time": 1783333781194
      },
      {
        "price": 62883.54,
        "qty": 2.0898,
        "side": "buy",
        "value": 131414.021892,
        "time": 1783333781194
      },
      {
        "price": 62876,
        "qty": 0.96248,
        "side": "sell",
        "value": 60516.89248,
        "time": 1783333894957
      },
      {
        "price": 62882.02,
        "qty": 0.82074,
        "side": "buy",
        "value": 51609.7890948,
        "time": 1783333943400
      },
      {
        "price": 62979.04,
        "qty": 0.95754,
        "side": "sell",
        "value": 60304.949961599996,
        "time": 1783334049589
      },
      {
        "price": 62959.26,
        "qty": 0.80457,
        "side": "sell",
        "value": 50655.1318182,
        "time": 1783334302077
      },
      {
        "price": 62959.26,
        "qty": 1.8,
        "side": "sell",
        "value": 113326.668,
        "time": 1783334302077
      },
      {
        "price": 62959.26,
        "qty": 0.85232,
        "side": "sell",
        "value": 53661.4364832,
        "time": 1783334302078
      },
      {
        "price": 63025,
        "qty": 0.8507,
        "side": "sell",
        "value": 53615.3675,
        "time": 1783334389856
      }
    ]
  },
  "depthImportant": {
    "buys": [
      {
        "side": "buy",
        "layer": 1,
        "price": 63020,
        "qty": 2.65699,
        "cumulative": 2.65699
      },
      {
        "side": "buy",
        "layer": 24,
        "price": 63016.95,
        "qty": 0.47663,
        "cumulative": 3.72919
      },
      {
        "side": "buy",
        "layer": 39,
        "price": 63014.93,
        "qty": 0.59557,
        "cumulative": 3.25256
      },
      {
        "side": "buy",
        "layer": 41,
        "price": 63014.91,
        "qty": 0.30026,
        "cumulative": 4.50608
      },
      {
        "side": "buy",
        "layer": 49,
        "price": 63013.93,
        "qty": 0.47663,
        "cumulative": 4.20582
      },
      {
        "side": "buy",
        "layer": 64,
        "price": 63011.87,
        "qty": 0.32107,
        "cumulative": 10.20455
      },
      {
        "side": "buy",
        "layer": 79,
        "price": 63009.81,
        "qty": 0.47663,
        "cumulative": 9.883479999999999
      },
      {
        "side": "buy",
        "layer": 88,
        "price": 63008.51,
        "qty": 0.50908,
        "cumulative": 9.406849999999999
      },
      {
        "side": "buy",
        "layer": 91,
        "price": 63007.9,
        "qty": 1.2181,
        "cumulative": 8.89777
      },
      {
        "side": "buy",
        "layer": 92,
        "price": 63007.89,
        "qty": 3.17359,
        "cumulative": 7.67967
      },
      {
        "side": "buy",
        "layer": 157,
        "price": 63000.63,
        "qty": 1.46023,
        "cumulative": 18.48892
      },
      {
        "side": "buy",
        "layer": 158,
        "price": 63000.62,
        "qty": 3.17359,
        "cumulative": 17.02869
      },
      {
        "side": "buy",
        "layer": 163,
        "price": 63000,
        "qty": 0.70638,
        "cumulative": 20.29268
      },
      {
        "side": "buy",
        "layer": 198,
        "price": 62994.29,
        "qty": 1.09738,
        "cumulative": 19.5863
      },
      {
        "side": "buy",
        "layer": 199,
        "price": 62994.28,
        "qty": 3.65055,
        "cumulative": 13.8551
      },
      {
        "side": "buy",
        "layer": 261,
        "price": 62985.03,
        "qty": 4.12675,
        "cumulative": 24.419430000000002
      },
      {
        "side": "buy",
        "layer": 319,
        "price": 62975.01,
        "qty": 3.17467,
        "cumulative": 35.35353
      },
      {
        "side": "buy",
        "layer": 365,
        "price": 62967.02,
        "qty": 3.17309,
        "cumulative": 38.52662
      },
      {
        "side": "buy",
        "layer": 439,
        "price": 62953.14,
        "qty": 3.99608,
        "cumulative": 28.41551
      },
      {
        "side": "buy",
        "layer": 486,
        "price": 62943.93,
        "qty": 3.76335,
        "cumulative": 32.17886
      },
      {
        "side": "buy",
        "layer": 729,
        "price": 62883.65,
        "qty": 4.77553,
        "cumulative": 64.3138
      },
      {
        "side": "buy",
        "layer": 763,
        "price": 62871.46,
        "qty": 5,
        "cumulative": 49.97872
      },
      {
        "side": "buy",
        "layer": 820,
        "price": 62853.67,
        "qty": 6.4521,
        "cumulative": 44.97872
      },
      {
        "side": "buy",
        "layer": 850,
        "price": 62843.51,
        "qty": 4.77856,
        "cumulative": 59.538270000000004
      },
      {
        "side": "buy",
        "layer": 950,
        "price": 62811.55,
        "qty": 4.78099,
        "cumulative": 54.759710000000005
      }
    ],
    "sells": [
      {
        "side": "sell",
        "layer": 1,
        "price": 63020.01,
        "qty": 0.52357,
        "cumulative": 5.4729600000000005
      },
      {
        "side": "sell",
        "layer": 29,
        "price": 63026.31,
        "qty": 0.2237,
        "cumulative": 5.921740000000001
      },
      {
        "side": "sell",
        "layer": 30,
        "price": 63026.32,
        "qty": 0.22508,
        "cumulative": 5.698040000000001
      },
      {
        "side": "sell",
        "layer": 42,
        "price": 63028.55,
        "qty": 3.17359,
        "cumulative": 3.17359
      },
      {
        "side": "sell",
        "layer": 44,
        "price": 63028.57,
        "qty": 1.7758,
        "cumulative": 4.94939
      },
      {
        "side": "sell",
        "layer": 53,
        "price": 63029.98,
        "qty": 0.47663,
        "cumulative": 11.48972
      },
      {
        "side": "sell",
        "layer": 54,
        "price": 63030,
        "qty": 0.88389,
        "cumulative": 11.01309
      },
      {
        "side": "sell",
        "layer": 78,
        "price": 63032.37,
        "qty": 1.03417,
        "cumulative": 10.1292
      },
      {
        "side": "sell",
        "layer": 81,
        "price": 63032.57,
        "qty": 0.47663,
        "cumulative": 11.96635
      },
      {
        "side": "sell",
        "layer": 82,
        "price": 63032.58,
        "qty": 3.17329,
        "cumulative": 9.095030000000001
      },
      {
        "side": "sell",
        "layer": 111,
        "price": 63035.66,
        "qty": 1.31213,
        "cumulative": 24.657159999999998
      },
      {
        "side": "sell",
        "layer": 130,
        "price": 63037.01,
        "qty": 3.17468,
        "cumulative": 15.14103
      },
      {
        "side": "sell",
        "layer": 169,
        "price": 63040.8,
        "qty": 3.17392,
        "cumulative": 18.31495
      },
      {
        "side": "sell",
        "layer": 197,
        "price": 63044.88,
        "qty": 1.85616,
        "cumulative": 23.345029999999998
      },
      {
        "side": "sell",
        "layer": 198,
        "price": 63044.89,
        "qty": 3.17392,
        "cumulative": 21.48887
      },
      {
        "side": "sell",
        "layer": 383,
        "price": 63069.6,
        "qty": 3.65234,
        "cumulative": 36.02675
      },
      {
        "side": "sell",
        "layer": 420,
        "price": 63077.16,
        "qty": 3.17571,
        "cumulative": 42.727360000000004
      },
      {
        "side": "sell",
        "layer": 494,
        "price": 63092.14,
        "qty": 3.5249,
        "cumulative": 39.55165
      },
      {
        "side": "sell",
        "layer": 496,
        "price": 63092.29,
        "qty": 3.96281,
        "cumulative": 28.61997
      },
      {
        "side": "sell",
        "layer": 499,
        "price": 63093.39,
        "qty": 3.75444,
        "cumulative": 32.37441
      },
      {
        "side": "sell",
        "layer": 530,
        "price": 63101.77,
        "qty": 4.75901,
        "cumulative": 73.66861000000002
      },
      {
        "side": "sell",
        "layer": 614,
        "price": 63129.29,
        "qty": 4.75693,
        "cumulative": 78.42554000000001
      },
      {
        "side": "sell",
        "layer": 632,
        "price": 63134.14,
        "qty": 4.75659,
        "cumulative": 83.18213000000002
      },
      {
        "side": "sell",
        "layer": 940,
        "price": 63500,
        "qty": 18.95373,
        "cumulative": 61.681090000000005
      },
      {
        "side": "sell",
        "layer": 988,
        "price": 63800,
        "qty": 7.22851,
        "cumulative": 68.90960000000001
      }
    ]
  },
  "updatedAt": 1783334400368
}