{
  "symbol": "btcusdt",
  "timeframe": "1m",
  "candle": {
    "startTime": 1783334640000,
    "open": 62904.01,
    "high": 62934.12,
    "low": 62904.01,
    "close": 62921.68,
    "volume": 1622,
    "direction": "up",
    "volatility": 30.110000000000582,
    "totalVolume": 1622
  },
  "trades": {
    "count": 43492,
    "buyVolume": 89.40414999998701,
    "sellVolume": 117.22495999998667,
    "bigTrades": [
      {
        "price": 62859.14,
        "qty": 1.0194,
        "side": "sell",
        "value": 64078.607316,
        "time": 1783333103521
      },
      {
        "price": 62859.14,
        "qty": 0.98503,
        "side": "sell",
        "value": 61918.138674199996,
        "time": 1783333103792
      },
      {
        "price": 62856,
        "qty": 1.0194,
        "side": "buy",
        "value": 64075.40640000001,
        "time": 1783333143863
      },
      {
        "price": 62837.83,
        "qty": 1.01947,
        "side": "buy",
        "value": 64061.28255010001,
        "time": 1783333252137
      },
      {
        "price": 62876.57,
        "qty": 1.22566,
        "side": "buy",
        "value": 77065.2967862,
        "time": 1783333781160
      },
      {
        "price": 62876.57,
        "qty": 1.18937,
        "side": "buy",
        "value": 74783.5060609,
        "time": 1783333781161
      },
      {
        "price": 62883.53,
        "qty": 1.43429,
        "side": "buy",
        "value": 90193.2182437,
        "time": 1783333781194
      },
      {
        "price": 62883.54,
        "qty": 2.0898,
        "side": "buy",
        "value": 131414.021892,
        "time": 1783333781194
      },
      {
        "price": 62876,
        "qty": 0.96248,
        "side": "sell",
        "value": 60516.89248,
        "time": 1783333894957
      },
      {
        "price": 62882.02,
        "qty": 0.82074,
        "side": "buy",
        "value": 51609.7890948,
        "time": 1783333943400
      },
      {
        "price": 62979.04,
        "qty": 0.95754,
        "side": "sell",
        "value": 60304.949961599996,
        "time": 1783334049589
      },
      {
        "price": 62959.26,
        "qty": 0.80457,
        "side": "sell",
        "value": 50655.1318182,
        "time": 1783334302077
      },
      {
        "price": 62959.26,
        "qty": 1.8,
        "side": "sell",
        "value": 113326.668,
        "time": 1783334302077
      },
      {
        "price": 62959.26,
        "qty": 0.85232,
        "side": "sell",
        "value": 53661.4364832,
        "time": 1783334302078
      },
      {
        "price": 63025,
        "qty": 0.8507,
        "side": "sell",
        "value": 53615.3675,
        "time": 1783334389856
      },
      {
        "price": 63000,
        "qty": 1.01318,
        "side": "sell",
        "value": 63830.34,
        "time": 1783334434959
      }
    ]
  },
  "depthImportant": {
    "buys": [
      {
        "side": "buy",
        "layer": 1,
        "price": 62921.67,
        "qty": 0.6818,
        "cumulative": 0.6818
      },
      {
        "side": "buy",
        "layer": 5,
        "price": 62920.57,
        "qty": 0.07636,
        "cumulative": 1.03346
      },
      {
        "side": "buy",
        "layer": 20,
        "price": 62917.52,
        "qty": 0.04533,
        "cumulative": 1.14887
      },
      {
        "side": "buy",
        "layer": 23,
        "price": 62916.63,
        "qty": 0.07008,
        "cumulative": 1.10354
      },
      {
        "side": "buy",
        "layer": 37,
        "price": 62914.09,
        "qty": 0.2753,
        "cumulative": 0.9571
      },
      {
        "side": "buy",
        "layer": 51,
        "price": 62912.33,
        "qty": 0.66,
        "cumulative": 1.8088700000000002
      },
      {
        "side": "buy",
        "layer": 60,
        "price": 62911.71,
        "qty": 0.41372,
        "cumulative": 3.7395000000000005
      },
      {
        "side": "buy",
        "layer": 82,
        "price": 62908.9,
        "qty": 0.47671,
        "cumulative": 2.8534400000000004
      },
      {
        "side": "buy",
        "layer": 83,
        "price": 62908.89,
        "qty": 0.56786,
        "cumulative": 2.3767300000000002
      },
      {
        "side": "buy",
        "layer": 96,
        "price": 62906.9,
        "qty": 0.47234,
        "cumulative": 3.3257800000000004
      },
      {
        "side": "buy",
        "layer": 160,
        "price": 62899.09,
        "qty": 1.98934,
        "cumulative": 8.907960000000001
      },
      {
        "side": "buy",
        "layer": 170,
        "price": 62897.58,
        "qty": 1.10683,
        "cumulative": 10.014790000000001
      },
      {
        "side": "buy",
        "layer": 175,
        "price": 62896.71,
        "qty": 3.17912,
        "cumulative": 6.918620000000001
      },
      {
        "side": "buy",
        "layer": 183,
        "price": 62895.91,
        "qty": 0.64007,
        "cumulative": 10.654860000000001
      },
      {
        "side": "buy",
        "layer": 190,
        "price": 62894.9,
        "qty": 0.60458,
        "cumulative": 11.259440000000001
      },
      {
        "side": "buy",
        "layer": 235,
        "price": 62888.34,
        "qty": 3.17944,
        "cumulative": 31.643770000000004
      },
      {
        "side": "buy",
        "layer": 283,
        "price": 62880.56,
        "qty": 3.65605,
        "cumulative": 28.464330000000004
      },
      {
        "side": "buy",
        "layer": 333,
        "price": 62871.46,
        "qty": 5,
        "cumulative": 16.25944
      },
      {
        "side": "buy",
        "layer": 442,
        "price": 62852.14,
        "qty": 3.76885,
        "cumulative": 24.808280000000003
      },
      {
        "side": "buy",
        "layer": 455,
        "price": 62849.64,
        "qty": 4.77999,
        "cumulative": 21.039430000000003
      },
      {
        "side": "buy",
        "layer": 706,
        "price": 62789.3,
        "qty": 4.78268,
        "cumulative": 57.10735
      },
      {
        "side": "buy",
        "layer": 710,
        "price": 62788.21,
        "qty": 4.78277,
        "cumulative": 52.32467
      },
      {
        "side": "buy",
        "layer": 768,
        "price": 62769.37,
        "qty": 6.32534,
        "cumulative": 37.96911
      },
      {
        "side": "buy",
        "layer": 811,
        "price": 62756.59,
        "qty": 4.78518,
        "cumulative": 47.5419
      },
      {
        "side": "buy",
        "layer": 919,
        "price": 62724.72,
        "qty": 4.78761,
        "cumulative": 42.75672
      }
    ],
    "sells": [
      {
        "side": "sell",
        "layer": 1,
        "price": 62921.68,
        "qty": 8.93722,
        "cumulative": 8.93722
      },
      {
        "side": "sell",
        "layer": 19,
        "price": 62925.99,
        "qty": 1.04887,
        "cumulative": 13.256409999999999
      },
      {
        "side": "sell",
        "layer": 20,
        "price": 62926,
        "qty": 0.72458,
        "cumulative": 13.980989999999998
      },
      {
        "side": "sell",
        "layer": 21,
        "price": 62926.01,
        "qty": 3.27032,
        "cumulative": 12.20754
      },
      {
        "side": "sell",
        "layer": 22,
        "price": 62926.02,
        "qty": 0.56677,
        "cumulative": 14.547759999999998
      },
      {
        "side": "sell",
        "layer": 60,
        "price": 62932.34,
        "qty": 0.79546,
        "cumulative": 20.276499999999995
      },
      {
        "side": "sell",
        "layer": 67,
        "price": 62933.09,
        "qty": 0.23833,
        "cumulative": 20.991029999999995
      },
      {
        "side": "sell",
        "layer": 78,
        "price": 62934.06,
        "qty": 1.27828,
        "cumulative": 19.481039999999997
      },
      {
        "side": "sell",
        "layer": 79,
        "price": 62934.07,
        "qty": 3.655,
        "cumulative": 18.202759999999998
      },
      {
        "side": "sell",
        "layer": 86,
        "price": 62934.75,
        "qty": 0.4762,
        "cumulative": 20.752699999999994
      },
      {
        "side": "sell",
        "layer": 116,
        "price": 62938.78,
        "qty": 3.17829,
        "cumulative": 24.169319999999995
      },
      {
        "side": "sell",
        "layer": 144,
        "price": 62942.68,
        "qty": 3.17829,
        "cumulative": 27.347609999999996
      },
      {
        "side": "sell",
        "layer": 173,
        "price": 62946.53,
        "qty": 3.17777,
        "cumulative": 30.525379999999995
      },
      {
        "side": "sell",
        "layer": 192,
        "price": 62949.78,
        "qty": 1.60128,
        "cumulative": 32.126659999999994
      },
      {
        "side": "sell",
        "layer": 194,
        "price": 62949.92,
        "qty": 1.51659,
        "cumulative": 33.643249999999995
      },
      {
        "side": "sell",
        "layer": 287,
        "price": 62965.44,
        "qty": 3.17944,
        "cumulative": 49.38585
      },
      {
        "side": "sell",
        "layer": 315,
        "price": 62969.44,
        "qty": 3.17944,
        "cumulative": 52.56529
      },
      {
        "side": "sell",
        "layer": 408,
        "price": 62984.66,
        "qty": 4.76785,
        "cumulative": 38.4111
      },
      {
        "side": "sell",
        "layer": 440,
        "price": 62992.87,
        "qty": 4.03504,
        "cumulative": 42.44614
      },
      {
        "side": "sell",
        "layer": 456,
        "price": 62995.62,
        "qty": 3.76027,
        "cumulative": 46.20641
      },
      {
        "side": "sell",
        "layer": 600,
        "price": 63026.25,
        "qty": 4.7647,
        "cumulative": 62.236549999999994
      },
      {
        "side": "sell",
        "layer": 691,
        "price": 63040.88,
        "qty": 4.7636,
        "cumulative": 67.00014999999999
      },
      {
        "side": "sell",
        "layer": 738,
        "price": 63048.22,
        "qty": 4.76304,
        "cumulative": 71.76319
      },
      {
        "side": "sell",
        "layer": 770,
        "price": 63053.53,
        "qty": 4.76264,
        "cumulative": 76.52583
      },
      {
        "side": "sell",
        "layer": 886,
        "price": 63081.74,
        "qty": 4.90656,
        "cumulative": 57.471849999999996
      }
    ]
  },
  "updatedAt": 1783334701029
}