{
  "symbol": "btcusdt",
  "timeframe": "1m",
  "candle": {
    "startTime": 1783336260000,
    "open": 62803.45,
    "high": 62811.91,
    "low": 62803.45,
    "close": 62811.91,
    "volume": 499,
    "direction": "up",
    "volatility": 8.460000000006403,
    "totalVolume": 499
  },
  "trades": {
    "count": 76430,
    "buyVolume": 173.3931699999707,
    "sellVolume": 186.1074399999676,
    "bigTrades": [
      {
        "price": 62859.14,
        "qty": 1.0194,
        "side": "sell",
        "value": 64078.607316,
        "time": 1783333103521
      },
      {
        "price": 62859.14,
        "qty": 0.98503,
        "side": "sell",
        "value": 61918.138674199996,
        "time": 1783333103792
      },
      {
        "price": 62856,
        "qty": 1.0194,
        "side": "buy",
        "value": 64075.40640000001,
        "time": 1783333143863
      },
      {
        "price": 62837.83,
        "qty": 1.01947,
        "side": "buy",
        "value": 64061.28255010001,
        "time": 1783333252137
      },
      {
        "price": 62876.57,
        "qty": 1.22566,
        "side": "buy",
        "value": 77065.2967862,
        "time": 1783333781160
      },
      {
        "price": 62876.57,
        "qty": 1.18937,
        "side": "buy",
        "value": 74783.5060609,
        "time": 1783333781161
      },
      {
        "price": 62883.53,
        "qty": 1.43429,
        "side": "buy",
        "value": 90193.2182437,
        "time": 1783333781194
      },
      {
        "price": 62883.54,
        "qty": 2.0898,
        "side": "buy",
        "value": 131414.021892,
        "time": 1783333781194
      },
      {
        "price": 62876,
        "qty": 0.96248,
        "side": "sell",
        "value": 60516.89248,
        "time": 1783333894957
      },
      {
        "price": 62882.02,
        "qty": 0.82074,
        "side": "buy",
        "value": 51609.7890948,
        "time": 1783333943400
      },
      {
        "price": 62979.04,
        "qty": 0.95754,
        "side": "sell",
        "value": 60304.949961599996,
        "time": 1783334049589
      },
      {
        "price": 62959.26,
        "qty": 0.80457,
        "side": "sell",
        "value": 50655.1318182,
        "time": 1783334302077
      },
      {
        "price": 62959.26,
        "qty": 1.8,
        "side": "sell",
        "value": 113326.668,
        "time": 1783334302077
      },
      {
        "price": 62959.26,
        "qty": 0.85232,
        "side": "sell",
        "value": 53661.4364832,
        "time": 1783334302078
      },
      {
        "price": 63025,
        "qty": 0.8507,
        "side": "sell",
        "value": 53615.3675,
        "time": 1783334389856
      },
      {
        "price": 63000,
        "qty": 1.01318,
        "side": "sell",
        "value": 63830.34,
        "time": 1783334434959
      },
      {
        "price": 62918.49,
        "qty": 1.0409,
        "side": "buy",
        "value": 65491.856240999994,
        "time": 1783334802646
      },
      {
        "price": 62894,
        "qty": 0.966,
        "side": "sell",
        "value": 60755.604,
        "time": 1783334929433
      },
      {
        "price": 62871.46,
        "qty": 4.21317,
        "side": "sell",
        "value": 264888.14912819996,
        "time": 1783334970246
      },
      {
        "price": 62827.8,
        "qty": 0.9888,
        "side": "buy",
        "value": 62124.12864,
        "time": 1783335003475
      },
      {
        "price": 62827.8,
        "qty": 3.18352,
        "side": "buy",
        "value": 200013.55785600003,
        "time": 1783335003477
      },
      {
        "price": 62833.43,
        "qty": 0.99935,
        "side": "buy",
        "value": 62792.5882705,
        "time": 1783335197280
      },
      {
        "price": 62840.01,
        "qty": 0.8167,
        "side": "buy",
        "value": 51321.436167,
        "time": 1783335224033
      },
      {
        "price": 62820,
        "qty": 3.18369,
        "side": "buy",
        "value": 199999.4058,
        "time": 1783335565420
      },
      {
        "price": 62871.03,
        "qty": 1.36622,
        "side": "sell",
        "value": 85895.6586066,
        "time": 1783335908214
      },
      {
        "price": 62870.71,
        "qty": 0.86668,
        "side": "sell",
        "value": 54488.7869428,
        "time": 1783335926908
      },
      {
        "price": 62870.71,
        "qty": 4.77182,
        "side": "sell",
        "value": 300007.71139219997,
        "time": 1783335928709
      },
      {
        "price": 62864.76,
        "qty": 0.91128,
        "side": "sell",
        "value": 57287.3984928,
        "time": 1783335983408
      },
      {
        "price": 62850.01,
        "qty": 0.84409,
        "side": "buy",
        "value": 53051.0649409,
        "time": 1783335991595
      }
    ]
  },
  "depthImportant": {
    "buys": [
      {
        "side": "buy",
        "layer": 1,
        "price": 62811.9,
        "qty": 1.77649,
        "cumulative": 1.77649
      },
      {
        "side": "buy",
        "layer": 15,
        "price": 62807.99,
        "qty": 0.30032,
        "cumulative": 4.7907399999999996
      },
      {
        "side": "buy",
        "layer": 18,
        "price": 62806.16,
        "qty": 0.74676,
        "cumulative": 4.490419999999999
      },
      {
        "side": "buy",
        "layer": 19,
        "price": 62806.15,
        "qty": 0.77671,
        "cumulative": 3.7436599999999998
      },
      {
        "side": "buy",
        "layer": 50,
        "price": 62802.62,
        "qty": 1.19046,
        "cumulative": 2.9669499999999998
      },
      {
        "side": "buy",
        "layer": 62,
        "price": 62801.29,
        "qty": 0.47671,
        "cumulative": 9.11342
      },
      {
        "side": "buy",
        "layer": 72,
        "price": 62800.66,
        "qty": 0.43124,
        "cumulative": 10.021370000000001
      },
      {
        "side": "buy",
        "layer": 78,
        "price": 62800.08,
        "qty": 3.1841,
        "cumulative": 7.9748399999999995
      },
      {
        "side": "buy",
        "layer": 91,
        "price": 62798.41,
        "qty": 0.47671,
        "cumulative": 9.59013
      },
      {
        "side": "buy",
        "layer": 100,
        "price": 62797.65,
        "qty": 0.66187,
        "cumulative": 8.636709999999999
      },
      {
        "side": "buy",
        "layer": 109,
        "price": 62796.82,
        "qty": 1.3825,
        "cumulative": 21.43063
      },
      {
        "side": "buy",
        "layer": 115,
        "price": 62795.87,
        "qty": 3.66081,
        "cumulative": 13.68218
      },
      {
        "side": "buy",
        "layer": 131,
        "price": 62793.42,
        "qty": 1.37161,
        "cumulative": 22.80224
      },
      {
        "side": "buy",
        "layer": 147,
        "price": 62791.31,
        "qty": 3.18453,
        "cumulative": 16.86671
      },
      {
        "side": "buy",
        "layer": 189,
        "price": 62784.91,
        "qty": 3.18142,
        "cumulative": 20.04813
      },
      {
        "side": "buy",
        "layer": 245,
        "price": 62778.06,
        "qty": 3.18217,
        "cumulative": 35.5358
      },
      {
        "side": "buy",
        "layer": 275,
        "price": 62772.86,
        "qty": 3.18217,
        "cumulative": 38.71797
      },
      {
        "side": "buy",
        "layer": 344,
        "price": 62764.9,
        "qty": 3.18303,
        "cumulative": 32.35363
      },
      {
        "side": "buy",
        "layer": 391,
        "price": 62757.74,
        "qty": 3.1839,
        "cumulative": 29.170600000000004
      },
      {
        "side": "buy",
        "layer": 456,
        "price": 62749.79,
        "qty": 3.18446,
        "cumulative": 25.986700000000003
      },
      {
        "side": "buy",
        "layer": 682,
        "price": 62712.35,
        "qty": 4.78841,
        "cumulative": 64.37636
      },
      {
        "side": "buy",
        "layer": 840,
        "price": 62680.85,
        "qty": 4.79091,
        "cumulative": 59.587950000000006
      },
      {
        "side": "buy",
        "layer": 919,
        "price": 62661.68,
        "qty": 6.49375,
        "cumulative": 45.21172
      },
      {
        "side": "buy",
        "layer": 943,
        "price": 62656.84,
        "qty": 4.79265,
        "cumulative": 54.79704
      },
      {
        "side": "buy",
        "layer": 945,
        "price": 62656.5,
        "qty": 4.79267,
        "cumulative": 50.00439
      }
    ],
    "sells": [
      {
        "side": "sell",
        "layer": 1,
        "price": 62811.91,
        "qty": 2.50156,
        "cumulative": 2.50156
      },
      {
        "side": "sell",
        "layer": 5,
        "price": 62811.98,
        "qty": 0.76008,
        "cumulative": 4.86657
      },
      {
        "side": "sell",
        "layer": 8,
        "price": 62812.02,
        "qty": 0.11372,
        "cumulative": 5.45815
      },
      {
        "side": "sell",
        "layer": 20,
        "price": 62813.67,
        "qty": 1.60493,
        "cumulative": 4.10649
      },
      {
        "side": "sell",
        "layer": 40,
        "price": 62815.96,
        "qty": 0.47786,
        "cumulative": 5.34443
      },
      {
        "side": "sell",
        "layer": 59,
        "price": 62818.18,
        "qty": 0.47671,
        "cumulative": 11.314010000000001
      },
      {
        "side": "sell",
        "layer": 69,
        "price": 62819.11,
        "qty": 1.62144,
        "cumulative": 10.26369
      },
      {
        "side": "sell",
        "layer": 79,
        "price": 62821.31,
        "qty": 0.57361,
        "cumulative": 10.8373
      },
      {
        "side": "sell",
        "layer": 83,
        "price": 62821.96,
        "qty": 3.1841,
        "cumulative": 8.64225
      },
      {
        "side": "sell",
        "layer": 84,
        "price": 62821.97,
        "qty": 0.47671,
        "cumulative": 11.790720000000002
      },
      {
        "side": "sell",
        "layer": 121,
        "price": 62825.88,
        "qty": 3.18446,
        "cumulative": 14.975180000000002
      },
      {
        "side": "sell",
        "layer": 145,
        "price": 62829.98,
        "qty": 3.18446,
        "cumulative": 18.159640000000003
      },
      {
        "side": "sell",
        "layer": 160,
        "price": 62831.99,
        "qty": 1.53676,
        "cumulative": 26.062820000000002
      },
      {
        "side": "sell",
        "layer": 170,
        "price": 62833.83,
        "qty": 3.18339,
        "cumulative": 21.343030000000002
      },
      {
        "side": "sell",
        "layer": 200,
        "price": 62837.98,
        "qty": 3.18303,
        "cumulative": 24.52606
      },
      {
        "side": "sell",
        "layer": 297,
        "price": 62855.1,
        "qty": 3.1841,
        "cumulative": 46.58793000000001
      },
      {
        "side": "sell",
        "layer": 302,
        "price": 62856.11,
        "qty": 3.76861,
        "cumulative": 43.403830000000006
      },
      {
        "side": "sell",
        "layer": 337,
        "price": 62861.99,
        "qty": 4.77701,
        "cumulative": 30.839830000000003
      },
      {
        "side": "sell",
        "layer": 350,
        "price": 62864.23,
        "qty": 4.01934,
        "cumulative": 39.635220000000004
      },
      {
        "side": "sell",
        "layer": 400,
        "price": 62874.59,
        "qty": 4.77605,
        "cumulative": 35.615880000000004
      },
      {
        "side": "sell",
        "layer": 601,
        "price": 62930.43,
        "qty": 4.77181,
        "cumulative": 57.56041000000001
      },
      {
        "side": "sell",
        "layer": 681,
        "price": 62957.04,
        "qty": 4.76979,
        "cumulative": 62.33020000000001
      },
      {
        "side": "sell",
        "layer": 711,
        "price": 62966.03,
        "qty": 6.20067,
        "cumulative": 52.78860000000001
      },
      {
        "side": "sell",
        "layer": 773,
        "price": 62985.23,
        "qty": 4.76776,
        "cumulative": 67.09796000000001
      },
      {
        "side": "sell",
        "layer": 880,
        "price": 63019.22,
        "qty": 4.7652,
        "cumulative": 71.86316000000002
      }
    ]
  },
  "updatedAt": 1783336320457
}