{
  "symbol": "btcusdt",
  "timeframe": "1m",
  "candle": {
    "startTime": 1783339200000,
    "open": 62493.75,
    "high": 62493.75,
    "low": 62200,
    "close": 62298.47,
    "volume": 24051,
    "direction": "down",
    "volatility": 293.75,
    "totalVolume": 24051
  },
  "trades": {
    "count": 44254,
    "buyVolume": 151.16857999999942,
    "sellVolume": 312.2339499999919,
    "bigTrades": [
      {
        "price": 62625.23,
        "qty": 1,
        "side": "sell",
        "value": 62625.23,
        "time": 1783339167026
      },
      {
        "price": 62620,
        "qty": 1.24966,
        "side": "sell",
        "value": 78253.7092,
        "time": 1783339167031
      },
      {
        "price": 62619.99,
        "qty": 3.19386,
        "side": "sell",
        "value": 199999.48126139998,
        "time": 1783339167031
      },
      {
        "price": 62613.03,
        "qty": 0.91264,
        "side": "buy",
        "value": 57143.1556992,
        "time": 1783339170937
      },
      {
        "price": 62622.48,
        "qty": 0.97939,
        "side": "buy",
        "value": 61331.8306872,
        "time": 1783339171185
      },
      {
        "price": 62645.12,
        "qty": 3.19284,
        "side": "sell",
        "value": 200015.84494080002,
        "time": 1783339171642
      },
      {
        "price": 62645.11,
        "qty": 3.19284,
        "side": "sell",
        "value": 200015.8130124,
        "time": 1783339171649
      },
      {
        "price": 62645.11,
        "qty": 1.10606,
        "side": "sell",
        "value": 69289.2503666,
        "time": 1783339171649
      },
      {
        "price": 62643.83,
        "qty": 0.94539,
        "side": "sell",
        "value": 59222.8504437,
        "time": 1783339171651
      },
      {
        "price": 62596.8,
        "qty": 1.54804,
        "side": "sell",
        "value": 96902.35027200001,
        "time": 1783339180632
      },
      {
        "price": 62596.79,
        "qty": 3.19397,
        "side": "sell",
        "value": 199932.2693563,
        "time": 1783339180632
      },
      {
        "price": 62591.28,
        "qty": 1.50598,
        "side": "sell",
        "value": 94261.2158544,
        "time": 1783339180635
      },
      {
        "price": 62591.27,
        "qty": 3.19397,
        "side": "sell",
        "value": 199914.6386419,
        "time": 1783339180635
      },
      {
        "price": 62591.24,
        "qty": 0.79935,
        "side": "sell",
        "value": 50032.307693999996,
        "time": 1783339180635
      },
      {
        "price": 62585.85,
        "qty": 1.66785,
        "side": "sell",
        "value": 104383.8099225,
        "time": 1783339180639
      },
      {
        "price": 62585.84,
        "qty": 3.19397,
        "side": "sell",
        "value": 199897.2953848,
        "time": 1783339180639
      },
      {
        "price": 62585.82,
        "qty": 1.1119,
        "side": "sell",
        "value": 69589.17325800001,
        "time": 1783339180639
      },
      {
        "price": 62576.12,
        "qty": 3.19397,
        "side": "sell",
        "value": 199866.24999640003,
        "time": 1783339180648
      },
      {
        "price": 62567.67,
        "qty": 1.86176,
        "side": "sell",
        "value": 116485.98529920001,
        "time": 1783339180840
      },
      {
        "price": 62567.66,
        "qty": 3.19397,
        "side": "sell",
        "value": 199839.2290102,
        "time": 1783339180840
      },
      {
        "price": 62567.4,
        "qty": 1.5838,
        "side": "sell",
        "value": 99094.24812,
        "time": 1783339180841
      },
      {
        "price": 62562.02,
        "qty": 2.5316,
        "side": "sell",
        "value": 158382.009832,
        "time": 1783339180847
      },
      {
        "price": 62562.01,
        "qty": 3.19397,
        "side": "sell",
        "value": 199821.18307970001,
        "time": 1783339180848
      },
      {
        "price": 62561.44,
        "qty": 1.61122,
        "side": "sell",
        "value": 100800.24335680001,
        "time": 1783339180848
      },
      {
        "price": 62560.27,
        "qty": 1.58398,
        "side": "sell",
        "value": 99094.21647459999,
        "time": 1783339180849
      },
      {
        "price": 62555.57,
        "qty": 1.21156,
        "side": "sell",
        "value": 75789.8263892,
        "time": 1783339180853
      },
      {
        "price": 62554.94,
        "qty": 1.58412,
        "side": "sell",
        "value": 99094.5315528,
        "time": 1783339180855
      },
      {
        "price": 62550.51,
        "qty": 3.19397,
        "side": "sell",
        "value": 199784.45242470002,
        "time": 1783339180860
      },
      {
        "price": 62547.69,
        "qty": 1.5843,
        "side": "sell",
        "value": 99094.305267,
        "time": 1783339180865
      },
      {
        "price": 62545,
        "qty": 10.32253,
        "side": "buy",
        "value": 645622.63885,
        "time": 1783339180868
      },
      {
        "price": 62545,
        "qty": 3.82692,
        "side": "buy",
        "value": 239354.7114,
        "time": 1783339180872
      },
      {
        "price": 62545,
        "qty": 3.13733,
        "side": "buy",
        "value": 196224.30485,
        "time": 1783339180872
      },
      {
        "price": 62545,
        "qty": 1.60037,
        "side": "buy",
        "value": 100095.14165,
        "time": 1783339180872
      },
      {
        "price": 62545,
        "qty": 7.05864,
        "side": "buy",
        "value": 441482.63879999996,
        "time": 1783339180872
      },
      {
        "price": 62599.83,
        "qty": 1.28,
        "side": "sell",
        "value": 80127.78240000001,
        "time": 1783339185272
      },
      {
        "price": 62599.83,
        "qty": 5.12,
        "side": "sell",
        "value": 320511.12960000004,
        "time": 1783339185272
      },
      {
        "price": 62520,
        "qty": 0.87933,
        "side": "sell",
        "value": 54975.711599999995,
        "time": 1783339190853
      },
      {
        "price": 62500.01,
        "qty": 2.82282,
        "side": "sell",
        "value": 176426.2782282,
        "time": 1783339198322
      },
      {
        "price": 62500.01,
        "qty": 0.99666,
        "side": "sell",
        "value": 62291.2599666,
        "time": 1783339198323
      },
      {
        "price": 62500.01,
        "qty": 0.94893,
        "side": "sell",
        "value": 59308.134489300006,
        "time": 1783339198323
      },
      {
        "price": 62500,
        "qty": 0.92892,
        "side": "sell",
        "value": 58057.5,
        "time": 1783339198559
      },
      {
        "price": 62500,
        "qty": 1.41546,
        "side": "sell",
        "value": 88466.25,
        "time": 1783339198559
      },
      {
        "price": 62500,
        "qty": 1.21637,
        "side": "sell",
        "value": 76023.125,
        "time": 1783339198565
      },
      {
        "price": 62500,
        "qty": 0.82232,
        "side": "sell",
        "value": 51395,
        "time": 1783339198569
      },
      {
        "price": 62443.38,
        "qty": 1.40548,
        "side": "sell",
        "value": 87762.9217224,
        "time": 1783339208248
      },
      {
        "price": 62414.02,
        "qty": 1.48808,
        "side": "buy",
        "value": 92877.0548816,
        "time": 1783339208852
      },
      {
        "price": 62417.96,
        "qty": 1.21145,
        "side": "buy",
        "value": 75616.237642,
        "time": 1783339208897
      },
      {
        "price": 62417.96,
        "qty": 3.20435,
        "side": "buy",
        "value": 200008.990126,
        "time": 1783339208897
      },
      {
        "price": 62417.97,
        "qty": 1.40145,
        "side": "buy",
        "value": 87475.66405650001,
        "time": 1783339208897
      },
      {
        "price": 62415.28,
        "qty": 1.53707,
        "side": "buy",
        "value": 95936.65442959999,
        "time": 1783339208912
      },
      {
        "price": 62417.97,
        "qty": 3.20435,
        "side": "buy",
        "value": 200009.02216949998,
        "time": 1783339208913
      },
      {
        "price": 62400,
        "qty": 1.01496,
        "side": "sell",
        "value": 63333.50400000001,
        "time": 1783339212201
      },
      {
        "price": 62390,
        "qty": 1.05578,
        "side": "buy",
        "value": 65870.1142,
        "time": 1783339212750
      },
      {
        "price": 62394.6,
        "qty": 3.2054,
        "side": "buy",
        "value": 199999.65084,
        "time": 1783339213945
      },
      {
        "price": 62409.99,
        "qty": 0.88258,
        "side": "buy",
        "value": 55081.8089742,
        "time": 1783339219360
      },
      {
        "price": 62300,
        "qty": 1.11511,
        "side": "sell",
        "value": 69471.353,
        "time": 1783339226001
      },
      {
        "price": 62286.14,
        "qty": 1.5398,
        "side": "sell",
        "value": 95908.198372,
        "time": 1783339226121
      },
      {
        "price": 62299,
        "qty": 1.81578,
        "side": "buy",
        "value": 113121.27822,
        "time": 1783339229389
      },
      {
        "price": 62300.14,
        "qty": 1.18611,
        "side": "sell",
        "value": 73894.8190554,
        "time": 1783339229857
      },
      {
        "price": 62298.33,
        "qty": 1.61664,
        "side": "sell",
        "value": 100713.9722112,
        "time": 1783339229858
      },
      {
        "price": 62298.32,
        "qty": 2.03002,
        "side": "sell",
        "value": 126466.8355664,
        "time": 1783339229858
      },
      {
        "price": 62297,
        "qty": 1.07241,
        "side": "sell",
        "value": 66807.92577,
        "time": 1783339229858
      },
      {
        "price": 62200,
        "qty": 0.93771,
        "side": "sell",
        "value": 58325.562000000005,
        "time": 1783339233657
      },
      {
        "price": 62200,
        "qty": 0.999,
        "side": "sell",
        "value": 62137.8,
        "time": 1783339233658
      },
      {
        "price": 62308.13,
        "qty": 1.31873,
        "side": "sell",
        "value": 82167.60027489999,
        "time": 1783339257201
      },
      {
        "price": 62302.98,
        "qty": 0.98268,
        "side": "sell",
        "value": 61223.8923864,
        "time": 1783339257203
      }
    ]
  },
  "depthImportant": {
    "buys": [
      {
        "side": "buy",
        "layer": 1,
        "price": 62298.46,
        "qty": 0.34654,
        "cumulative": 3.19988
      },
      {
        "side": "buy",
        "layer": 27,
        "price": 62292.26,
        "qty": 0.40537,
        "cumulative": 2.8533399999999998
      },
      {
        "side": "buy",
        "layer": 29,
        "price": 62292.24,
        "qty": 0.8664,
        "cumulative": 0.8664
      },
      {
        "side": "buy",
        "layer": 40,
        "price": 62288.97,
        "qty": 0.71526,
        "cumulative": 2.4479699999999998
      },
      {
        "side": "buy",
        "layer": 43,
        "price": 62288.88,
        "qty": 0.86631,
        "cumulative": 1.73271
      },
      {
        "side": "buy",
        "layer": 69,
        "price": 62283.69,
        "qty": 1.53775,
        "cumulative": 7.94798
      },
      {
        "side": "buy",
        "layer": 70,
        "price": 62283.68,
        "qty": 3.21035,
        "cumulative": 6.41023
      },
      {
        "side": "buy",
        "layer": 75,
        "price": 62282.82,
        "qty": 0.86631,
        "cumulative": 10.19927
      },
      {
        "side": "buy",
        "layer": 89,
        "price": 62280.37,
        "qty": 0.4762,
        "cumulative": 10.67547
      },
      {
        "side": "buy",
        "layer": 90,
        "price": 62280.36,
        "qty": 1.38498,
        "cumulative": 9.33296
      },
      {
        "side": "buy",
        "layer": 101,
        "price": 62278.95,
        "qty": 3.21035,
        "cumulative": 17.961570000000002
      },
      {
        "side": "buy",
        "layer": 129,
        "price": 62273.99,
        "qty": 4.07575,
        "cumulative": 14.75122
      },
      {
        "side": "buy",
        "layer": 165,
        "price": 62267.7,
        "qty": 1.82958,
        "cumulative": 23.000590000000003
      },
      {
        "side": "buy",
        "layer": 178,
        "price": 62265.57,
        "qty": 3.20944,
        "cumulative": 21.171010000000003
      },
      {
        "side": "buy",
        "layer": 179,
        "price": 62265.54,
        "qty": 1.59148,
        "cumulative": 24.592070000000003
      },
      {
        "side": "buy",
        "layer": 225,
        "price": 62257.15,
        "qty": 3.20944,
        "cumulative": 69.71043
      },
      {
        "side": "buy",
        "layer": 407,
        "price": 62218.53,
        "qty": 4.82631,
        "cumulative": 62.603739999999995
      },
      {
        "side": "buy",
        "layer": 470,
        "price": 62200.01,
        "qty": 5.6647,
        "cumulative": 57.777429999999995
      },
      {
        "side": "buy",
        "layer": 471,
        "price": 62200,
        "qty": 27.52066,
        "cumulative": 52.11273
      },
      {
        "side": "buy",
        "layer": 494,
        "price": 62195.14,
        "qty": 3.89725,
        "cumulative": 66.50099
      },
      {
        "side": "buy",
        "layer": 567,
        "price": 62181.61,
        "qty": 6.72015,
        "cumulative": 111.20093000000001
      },
      {
        "side": "buy",
        "layer": 814,
        "price": 62100,
        "qty": 9.24698,
        "cumulative": 104.48078000000001
      },
      {
        "side": "buy",
        "layer": 859,
        "price": 62076.5,
        "qty": 4.83735,
        "cumulative": 120.87693000000002
      },
      {
        "side": "buy",
        "layer": 875,
        "price": 62059.91,
        "qty": 4.83865,
        "cumulative": 116.03958000000002
      },
      {
        "side": "buy",
        "layer": 951,
        "price": 62000,
        "qty": 25.52337,
        "cumulative": 95.2338
      }
    ],
    "sells": [
      {
        "side": "sell",
        "layer": 18,
        "price": 62303.75,
        "qty": 1.24608,
        "cumulative": 9.09191
      },
      {
        "side": "sell",
        "layer": 22,
        "price": 62304.45,
        "qty": 3.21035,
        "cumulative": 3.21035
      },
      {
        "side": "sell",
        "layer": 29,
        "price": 62306.47,
        "qty": 1.02524,
        "cumulative": 10.11715
      },
      {
        "side": "sell",
        "layer": 35,
        "price": 62308.25,
        "qty": 3.21035,
        "cumulative": 6.4207
      },
      {
        "side": "sell",
        "layer": 38,
        "price": 62309.02,
        "qty": 1.42513,
        "cumulative": 7.84583
      },
      {
        "side": "sell",
        "layer": 51,
        "price": 62312,
        "qty": 3.22145,
        "cumulative": 13.3386
      },
      {
        "side": "sell",
        "layer": 70,
        "price": 62315.78,
        "qty": 0.86631,
        "cumulative": 18.74685
      },
      {
        "side": "sell",
        "layer": 71,
        "price": 62315.79,
        "qty": 1.3325,
        "cumulative": 17.88054
      },
      {
        "side": "sell",
        "layer": 72,
        "price": 62315.8,
        "qty": 3.20944,
        "cumulative": 16.54804
      },
      {
        "side": "sell",
        "layer": 91,
        "price": 62319.09,
        "qty": 0.86631,
        "cumulative": 19.613159999999997
      },
      {
        "side": "sell",
        "layer": 107,
        "price": 62321.85,
        "qty": 1.7797,
        "cumulative": 31.897099999999995
      },
      {
        "side": "sell",
        "layer": 115,
        "price": 62322.38,
        "qty": 3.20944,
        "cumulative": 26.908219999999996
      },
      {
        "side": "sell",
        "layer": 163,
        "price": 62330.85,
        "qty": 1.60755,
        "cumulative": 33.50465
      },
      {
        "side": "sell",
        "layer": 164,
        "price": 62330.86,
        "qty": 4.08562,
        "cumulative": 23.698779999999996
      },
      {
        "side": "sell",
        "layer": 187,
        "price": 62336.12,
        "qty": 3.20918,
        "cumulative": 30.117399999999996
      },
      {
        "side": "sell",
        "layer": 272,
        "price": 62350.79,
        "qty": 3.20944,
        "cumulative": 53.36129
      },
      {
        "side": "sell",
        "layer": 301,
        "price": 62357.34,
        "qty": 3.21035,
        "cumulative": 50.151849999999996
      },
      {
        "side": "sell",
        "layer": 368,
        "price": 62368.02,
        "qty": 4.81474,
        "cumulative": 38.31939
      },
      {
        "side": "sell",
        "layer": 431,
        "price": 62382.07,
        "qty": 4.81366,
        "cumulative": 43.13305
      },
      {
        "side": "sell",
        "layer": 461,
        "price": 62390.88,
        "qty": 3.80845,
        "cumulative": 46.9415
      },
      {
        "side": "sell",
        "layer": 569,
        "price": 62415.44,
        "qty": 4.81109,
        "cumulative": 58.17238
      },
      {
        "side": "sell",
        "layer": 596,
        "price": 62423.33,
        "qty": 4.81048,
        "cumulative": 62.982859999999995
      },
      {
        "side": "sell",
        "layer": 601,
        "price": 62424.41,
        "qty": 4.81039,
        "cumulative": 67.79325
      },
      {
        "side": "sell",
        "layer": 764,
        "price": 62465.78,
        "qty": 4.80721,
        "cumulative": 72.60046
      },
      {
        "side": "sell",
        "layer": 824,
        "price": 62476.57,
        "qty": 3.73851,
        "cumulative": 76.33897
      }
    ]
  },
  "updatedAt": 1783339260444
}