{
  "symbol": "btcusdt",
  "timeframe": "1m",
  "candle": {
    "startTime": 1783336740000,
    "open": 62818,
    "high": 62860,
    "low": 62817.99,
    "close": 62859.99,
    "volume": 1425,
    "direction": "up",
    "volatility": 42.01000000000204,
    "totalVolume": 1425
  },
  "trades": {
    "count": 83280,
    "buyVolume": 199.11136999996717,
    "sellVolume": 200.3007799999651,
    "bigTrades": [
      {
        "price": 62859.14,
        "qty": 1.0194,
        "side": "sell",
        "value": 64078.607316,
        "time": 1783333103521
      },
      {
        "price": 62859.14,
        "qty": 0.98503,
        "side": "sell",
        "value": 61918.138674199996,
        "time": 1783333103792
      },
      {
        "price": 62856,
        "qty": 1.0194,
        "side": "buy",
        "value": 64075.40640000001,
        "time": 1783333143863
      },
      {
        "price": 62837.83,
        "qty": 1.01947,
        "side": "buy",
        "value": 64061.28255010001,
        "time": 1783333252137
      },
      {
        "price": 62876.57,
        "qty": 1.22566,
        "side": "buy",
        "value": 77065.2967862,
        "time": 1783333781160
      },
      {
        "price": 62876.57,
        "qty": 1.18937,
        "side": "buy",
        "value": 74783.5060609,
        "time": 1783333781161
      },
      {
        "price": 62883.53,
        "qty": 1.43429,
        "side": "buy",
        "value": 90193.2182437,
        "time": 1783333781194
      },
      {
        "price": 62883.54,
        "qty": 2.0898,
        "side": "buy",
        "value": 131414.021892,
        "time": 1783333781194
      },
      {
        "price": 62876,
        "qty": 0.96248,
        "side": "sell",
        "value": 60516.89248,
        "time": 1783333894957
      },
      {
        "price": 62882.02,
        "qty": 0.82074,
        "side": "buy",
        "value": 51609.7890948,
        "time": 1783333943400
      },
      {
        "price": 62979.04,
        "qty": 0.95754,
        "side": "sell",
        "value": 60304.949961599996,
        "time": 1783334049589
      },
      {
        "price": 62959.26,
        "qty": 0.80457,
        "side": "sell",
        "value": 50655.1318182,
        "time": 1783334302077
      },
      {
        "price": 62959.26,
        "qty": 1.8,
        "side": "sell",
        "value": 113326.668,
        "time": 1783334302077
      },
      {
        "price": 62959.26,
        "qty": 0.85232,
        "side": "sell",
        "value": 53661.4364832,
        "time": 1783334302078
      },
      {
        "price": 63025,
        "qty": 0.8507,
        "side": "sell",
        "value": 53615.3675,
        "time": 1783334389856
      },
      {
        "price": 63000,
        "qty": 1.01318,
        "side": "sell",
        "value": 63830.34,
        "time": 1783334434959
      },
      {
        "price": 62918.49,
        "qty": 1.0409,
        "side": "buy",
        "value": 65491.856240999994,
        "time": 1783334802646
      },
      {
        "price": 62894,
        "qty": 0.966,
        "side": "sell",
        "value": 60755.604,
        "time": 1783334929433
      },
      {
        "price": 62871.46,
        "qty": 4.21317,
        "side": "sell",
        "value": 264888.14912819996,
        "time": 1783334970246
      },
      {
        "price": 62827.8,
        "qty": 0.9888,
        "side": "buy",
        "value": 62124.12864,
        "time": 1783335003475
      },
      {
        "price": 62827.8,
        "qty": 3.18352,
        "side": "buy",
        "value": 200013.55785600003,
        "time": 1783335003477
      },
      {
        "price": 62833.43,
        "qty": 0.99935,
        "side": "buy",
        "value": 62792.5882705,
        "time": 1783335197280
      },
      {
        "price": 62840.01,
        "qty": 0.8167,
        "side": "buy",
        "value": 51321.436167,
        "time": 1783335224033
      },
      {
        "price": 62820,
        "qty": 3.18369,
        "side": "buy",
        "value": 199999.4058,
        "time": 1783335565420
      },
      {
        "price": 62871.03,
        "qty": 1.36622,
        "side": "sell",
        "value": 85895.6586066,
        "time": 1783335908214
      },
      {
        "price": 62870.71,
        "qty": 0.86668,
        "side": "sell",
        "value": 54488.7869428,
        "time": 1783335926908
      },
      {
        "price": 62870.71,
        "qty": 4.77182,
        "side": "sell",
        "value": 300007.71139219997,
        "time": 1783335928709
      },
      {
        "price": 62864.76,
        "qty": 0.91128,
        "side": "sell",
        "value": 57287.3984928,
        "time": 1783335983408
      },
      {
        "price": 62850.01,
        "qty": 0.84409,
        "side": "buy",
        "value": 53051.0649409,
        "time": 1783335991595
      },
      {
        "price": 62819.85,
        "qty": 0.87148,
        "side": "sell",
        "value": 54746.242878,
        "time": 1783336539602
      },
      {
        "price": 62819.85,
        "qty": 1.1893,
        "side": "sell",
        "value": 74711.647605,
        "time": 1783336539603
      },
      {
        "price": 62807.68,
        "qty": 0.83728,
        "side": "sell",
        "value": 52587.6143104,
        "time": 1783336572523
      },
      {
        "price": 62800,
        "qty": 1.13713,
        "side": "buy",
        "value": 71411.764,
        "time": 1783336689607
      },
      {
        "price": 62819.85,
        "qty": 1.18931,
        "side": "buy",
        "value": 74712.2758035,
        "time": 1783336751623
      },
      {
        "price": 62835.04,
        "qty": 1.20917,
        "side": "buy",
        "value": 75978.2453168,
        "time": 1783336781936
      },
      {
        "price": 62835.05,
        "qty": 3.18369,
        "side": "buy",
        "value": 200047.3203345,
        "time": 1783336781937
      },
      {
        "price": 62838.85,
        "qty": 1.29174,
        "side": "buy",
        "value": 81171.456099,
        "time": 1783336781941
      }
    ]
  },
  "depthImportant": {
    "buys": [
      {
        "side": "buy",
        "layer": 1,
        "price": 62859.99,
        "qty": 9.59048,
        "cumulative": 9.59048
      },
      {
        "side": "buy",
        "layer": 3,
        "price": 62859.97,
        "qty": 0.93458,
        "cumulative": 17.781309999999998
      },
      {
        "side": "buy",
        "layer": 4,
        "price": 62859.19,
        "qty": 3.22185,
        "cumulative": 12.81233
      },
      {
        "side": "buy",
        "layer": 14,
        "price": 62856.34,
        "qty": 1.15132,
        "cumulative": 16.846729999999997
      },
      {
        "side": "buy",
        "layer": 15,
        "price": 62856.33,
        "qty": 2.88308,
        "cumulative": 15.695409999999999
      },
      {
        "side": "buy",
        "layer": 51,
        "price": 62850.02,
        "qty": 1.33293,
        "cumulative": 25.788359999999997
      },
      {
        "side": "buy",
        "layer": 53,
        "price": 62849.99,
        "qty": 3.19135,
        "cumulative": 24.455429999999996
      },
      {
        "side": "buy",
        "layer": 72,
        "price": 62846.85,
        "qty": 1.27759,
        "cumulative": 27.065949999999997
      },
      {
        "side": "buy",
        "layer": 92,
        "price": 62844,
        "qty": 0.4902,
        "cumulative": 27.55615
      },
      {
        "side": "buy",
        "layer": 93,
        "price": 62843.99,
        "qty": 3.48277,
        "cumulative": 21.264079999999996
      },
      {
        "side": "buy",
        "layer": 155,
        "price": 62833.8,
        "qty": 1.18205,
        "cumulative": 38.126709999999996
      },
      {
        "side": "buy",
        "layer": 156,
        "price": 62833.79,
        "qty": 3.18269,
        "cumulative": 30.73884
      },
      {
        "side": "buy",
        "layer": 176,
        "price": 62830.2,
        "qty": 1.26127,
        "cumulative": 36.94466
      },
      {
        "side": "buy",
        "layer": 180,
        "price": 62829.24,
        "qty": 3.18269,
        "cumulative": 33.92153
      },
      {
        "side": "buy",
        "layer": 186,
        "price": 62828.26,
        "qty": 1.76186,
        "cumulative": 35.683389999999996
      },
      {
        "side": "buy",
        "layer": 201,
        "price": 62825.18,
        "qty": 3.6594,
        "cumulative": 50.62020999999999
      },
      {
        "side": "buy",
        "layer": 234,
        "price": 62820.49,
        "qty": 3.18287,
        "cumulative": 56.98667999999999
      },
      {
        "side": "buy",
        "layer": 253,
        "price": 62816.46,
        "qty": 3.1836,
        "cumulative": 53.80380999999999
      },
      {
        "side": "buy",
        "layer": 400,
        "price": 62788.52,
        "qty": 4.05117,
        "cumulative": 46.960809999999995
      },
      {
        "side": "buy",
        "layer": 421,
        "price": 62784.11,
        "qty": 4.78293,
        "cumulative": 42.909639999999996
      },
      {
        "side": "buy",
        "layer": 562,
        "price": 62758.15,
        "qty": 4.78491,
        "cumulative": 82.44205
      },
      {
        "side": "buy",
        "layer": 695,
        "price": 62735.43,
        "qty": 4.78664,
        "cumulative": 77.65714
      },
      {
        "side": "buy",
        "layer": 823,
        "price": 62712.35,
        "qty": 4.78841,
        "cumulative": 72.87049999999999
      },
      {
        "side": "buy",
        "layer": 937,
        "price": 62689.14,
        "qty": 4.79018,
        "cumulative": 68.08209
      },
      {
        "side": "buy",
        "layer": 976,
        "price": 62680.58,
        "qty": 6.30523,
        "cumulative": 63.291909999999994
      }
    ],
    "sells": [
      {
        "side": "sell",
        "layer": 1,
        "price": 62860,
        "qty": 0.16363,
        "cumulative": 0.16363
      },
      {
        "side": "sell",
        "layer": 25,
        "price": 62864.69,
        "qty": 0.09249,
        "cumulative": 0.48013999999999996
      },
      {
        "side": "sell",
        "layer": 29,
        "price": 62865.3,
        "qty": 0.096,
        "cumulative": 0.38764999999999994
      },
      {
        "side": "sell",
        "layer": 31,
        "price": 62865.36,
        "qty": 0.09241,
        "cumulative": 0.57255
      },
      {
        "side": "sell",
        "layer": 38,
        "price": 62866.21,
        "qty": 0.12802,
        "cumulative": 0.29164999999999996
      },
      {
        "side": "sell",
        "layer": 60,
        "price": 62869.75,
        "qty": 0.23105,
        "cumulative": 1.6495900000000001
      },
      {
        "side": "sell",
        "layer": 67,
        "price": 62870.29,
        "qty": 0.22533,
        "cumulative": 1.8749200000000001
      },
      {
        "side": "sell",
        "layer": 83,
        "price": 62872.82,
        "qty": 0.4762,
        "cumulative": 1.04875
      },
      {
        "side": "sell",
        "layer": 84,
        "price": 62872.83,
        "qty": 0.36979,
        "cumulative": 1.4185400000000001
      },
      {
        "side": "sell",
        "layer": 92,
        "price": 62873.28,
        "qty": 0.13678,
        "cumulative": 2.0117000000000003
      },
      {
        "side": "sell",
        "layer": 138,
        "price": 62878.51,
        "qty": 1.13894,
        "cumulative": 10.98227
      },
      {
        "side": "sell",
        "layer": 154,
        "price": 62881.26,
        "qty": 3.18177,
        "cumulative": 8.37616
      },
      {
        "side": "sell",
        "layer": 171,
        "price": 62884.86,
        "qty": 1.46717,
        "cumulative": 9.84333
      },
      {
        "side": "sell",
        "layer": 177,
        "price": 62885.84,
        "qty": 1.10847,
        "cumulative": 12.09074
      },
      {
        "side": "sell",
        "layer": 189,
        "price": 62887.32,
        "qty": 3.18269,
        "cumulative": 5.19439
      },
      {
        "side": "sell",
        "layer": 233,
        "price": 62896.35,
        "qty": 4.1356,
        "cumulative": 25.768290000000004
      },
      {
        "side": "sell",
        "layer": 338,
        "price": 62915.3,
        "qty": 4.01503,
        "cumulative": 33.91892000000001
      },
      {
        "side": "sell",
        "layer": 423,
        "price": 62934.15,
        "qty": 4.1356,
        "cumulative": 29.903890000000004
      },
      {
        "side": "sell",
        "layer": 424,
        "price": 62934.17,
        "qty": 4.77153,
        "cumulative": 16.862270000000002
      },
      {
        "side": "sell",
        "layer": 486,
        "price": 62949.86,
        "qty": 4.77042,
        "cumulative": 21.632690000000004
      },
      {
        "side": "sell",
        "layer": 535,
        "price": 62960.08,
        "qty": 4.76956,
        "cumulative": 44.94809000000001
      },
      {
        "side": "sell",
        "layer": 551,
        "price": 62965.4,
        "qty": 4.76916,
        "cumulative": 49.71725000000001
      },
      {
        "side": "sell",
        "layer": 625,
        "price": 62985.23,
        "qty": 4.76776,
        "cumulative": 54.48501000000001
      },
      {
        "side": "sell",
        "layer": 626,
        "price": 62985.67,
        "qty": 6.25961,
        "cumulative": 40.17853000000001
      },
      {
        "side": "sell",
        "layer": 755,
        "price": 63019.22,
        "qty": 4.7652,
        "cumulative": 59.25021000000001
      }
    ]
  },
  "updatedAt": 1783336800286
}