{
  "symbol": "btcusdt",
  "timeframe": "1m",
  "candle": {
    "startTime": 1783336020000,
    "open": 62850.01,
    "high": 62850.01,
    "low": 62838,
    "close": 62838.01,
    "volume": 582,
    "direction": "down",
    "volatility": 12.010000000002037,
    "totalVolume": 582
  },
  "trades": {
    "count": 73818,
    "buyVolume": 166.25510999997118,
    "sellVolume": 178.41744999996854,
    "bigTrades": [
      {
        "price": 62859.14,
        "qty": 1.0194,
        "side": "sell",
        "value": 64078.607316,
        "time": 1783333103521
      },
      {
        "price": 62859.14,
        "qty": 0.98503,
        "side": "sell",
        "value": 61918.138674199996,
        "time": 1783333103792
      },
      {
        "price": 62856,
        "qty": 1.0194,
        "side": "buy",
        "value": 64075.40640000001,
        "time": 1783333143863
      },
      {
        "price": 62837.83,
        "qty": 1.01947,
        "side": "buy",
        "value": 64061.28255010001,
        "time": 1783333252137
      },
      {
        "price": 62876.57,
        "qty": 1.22566,
        "side": "buy",
        "value": 77065.2967862,
        "time": 1783333781160
      },
      {
        "price": 62876.57,
        "qty": 1.18937,
        "side": "buy",
        "value": 74783.5060609,
        "time": 1783333781161
      },
      {
        "price": 62883.53,
        "qty": 1.43429,
        "side": "buy",
        "value": 90193.2182437,
        "time": 1783333781194
      },
      {
        "price": 62883.54,
        "qty": 2.0898,
        "side": "buy",
        "value": 131414.021892,
        "time": 1783333781194
      },
      {
        "price": 62876,
        "qty": 0.96248,
        "side": "sell",
        "value": 60516.89248,
        "time": 1783333894957
      },
      {
        "price": 62882.02,
        "qty": 0.82074,
        "side": "buy",
        "value": 51609.7890948,
        "time": 1783333943400
      },
      {
        "price": 62979.04,
        "qty": 0.95754,
        "side": "sell",
        "value": 60304.949961599996,
        "time": 1783334049589
      },
      {
        "price": 62959.26,
        "qty": 0.80457,
        "side": "sell",
        "value": 50655.1318182,
        "time": 1783334302077
      },
      {
        "price": 62959.26,
        "qty": 1.8,
        "side": "sell",
        "value": 113326.668,
        "time": 1783334302077
      },
      {
        "price": 62959.26,
        "qty": 0.85232,
        "side": "sell",
        "value": 53661.4364832,
        "time": 1783334302078
      },
      {
        "price": 63025,
        "qty": 0.8507,
        "side": "sell",
        "value": 53615.3675,
        "time": 1783334389856
      },
      {
        "price": 63000,
        "qty": 1.01318,
        "side": "sell",
        "value": 63830.34,
        "time": 1783334434959
      },
      {
        "price": 62918.49,
        "qty": 1.0409,
        "side": "buy",
        "value": 65491.856240999994,
        "time": 1783334802646
      },
      {
        "price": 62894,
        "qty": 0.966,
        "side": "sell",
        "value": 60755.604,
        "time": 1783334929433
      },
      {
        "price": 62871.46,
        "qty": 4.21317,
        "side": "sell",
        "value": 264888.14912819996,
        "time": 1783334970246
      },
      {
        "price": 62827.8,
        "qty": 0.9888,
        "side": "buy",
        "value": 62124.12864,
        "time": 1783335003475
      },
      {
        "price": 62827.8,
        "qty": 3.18352,
        "side": "buy",
        "value": 200013.55785600003,
        "time": 1783335003477
      },
      {
        "price": 62833.43,
        "qty": 0.99935,
        "side": "buy",
        "value": 62792.5882705,
        "time": 1783335197280
      },
      {
        "price": 62840.01,
        "qty": 0.8167,
        "side": "buy",
        "value": 51321.436167,
        "time": 1783335224033
      },
      {
        "price": 62820,
        "qty": 3.18369,
        "side": "buy",
        "value": 199999.4058,
        "time": 1783335565420
      },
      {
        "price": 62871.03,
        "qty": 1.36622,
        "side": "sell",
        "value": 85895.6586066,
        "time": 1783335908214
      },
      {
        "price": 62870.71,
        "qty": 0.86668,
        "side": "sell",
        "value": 54488.7869428,
        "time": 1783335926908
      },
      {
        "price": 62870.71,
        "qty": 4.77182,
        "side": "sell",
        "value": 300007.71139219997,
        "time": 1783335928709
      },
      {
        "price": 62864.76,
        "qty": 0.91128,
        "side": "sell",
        "value": 57287.3984928,
        "time": 1783335983408
      },
      {
        "price": 62850.01,
        "qty": 0.84409,
        "side": "buy",
        "value": 53051.0649409,
        "time": 1783335991595
      }
    ]
  },
  "depthImportant": {
    "buys": [
      {
        "side": "buy",
        "layer": 1,
        "price": 62838,
        "qty": 2.0427,
        "cumulative": 2.0427
      },
      {
        "side": "buy",
        "layer": 23,
        "price": 62833.19,
        "qty": 0.1536,
        "cumulative": 2.42138
      },
      {
        "side": "buy",
        "layer": 35,
        "price": 62831.71,
        "qty": 0.22508,
        "cumulative": 2.26778
      },
      {
        "side": "buy",
        "layer": 37,
        "price": 62830.96,
        "qty": 0.09056,
        "cumulative": 2.61451
      },
      {
        "side": "buy",
        "layer": 40,
        "price": 62830.33,
        "qty": 0.10257,
        "cumulative": 2.52395
      },
      {
        "side": "buy",
        "layer": 88,
        "price": 62824.79,
        "qty": 0.56045,
        "cumulative": 8.21524
      },
      {
        "side": "buy",
        "layer": 91,
        "price": 62824.64,
        "qty": 1.8575,
        "cumulative": 7.65479
      },
      {
        "side": "buy",
        "layer": 92,
        "price": 62824.6,
        "qty": 3.18278,
        "cumulative": 5.79729
      },
      {
        "side": "buy",
        "layer": 93,
        "price": 62824.59,
        "qty": 0.47671,
        "cumulative": 8.69195
      },
      {
        "side": "buy",
        "layer": 94,
        "price": 62824.58,
        "qty": 0.12,
        "cumulative": 8.81195
      },
      {
        "side": "buy",
        "layer": 142,
        "price": 62820.29,
        "qty": 3.18268,
        "cumulative": 15.17747
      },
      {
        "side": "buy",
        "layer": 152,
        "price": 62818.41,
        "qty": 1.22806,
        "cumulative": 21.21438
      },
      {
        "side": "buy",
        "layer": 170,
        "price": 62815.97,
        "qty": 3.18284,
        "cumulative": 11.99479
      },
      {
        "side": "buy",
        "layer": 195,
        "price": 62812.35,
        "qty": 1.62743,
        "cumulative": 19.98632
      },
      {
        "side": "buy",
        "layer": 197,
        "price": 62811.75,
        "qty": 3.18142,
        "cumulative": 18.35889
      },
      {
        "side": "buy",
        "layer": 251,
        "price": 62803.78,
        "qty": 3.18142,
        "cumulative": 34.76548
      },
      {
        "side": "buy",
        "layer": 309,
        "price": 62795.81,
        "qty": 3.18142,
        "cumulative": 37.9469
      },
      {
        "side": "buy",
        "layer": 429,
        "price": 62778.06,
        "qty": 3.18217,
        "cumulative": 28.401889999999998
      },
      {
        "side": "buy",
        "layer": 457,
        "price": 62772.86,
        "qty": 3.18217,
        "cumulative": 31.584059999999997
      },
      {
        "side": "buy",
        "layer": 485,
        "price": 62769.77,
        "qty": 4.00534,
        "cumulative": 25.21972
      },
      {
        "side": "buy",
        "layer": 607,
        "price": 62749.31,
        "qty": 4.78569,
        "cumulative": 63.499520000000004
      },
      {
        "side": "buy",
        "layer": 746,
        "price": 62724.72,
        "qty": 4.78761,
        "cumulative": 58.71383
      },
      {
        "side": "buy",
        "layer": 812,
        "price": 62712.35,
        "qty": 4.78841,
        "cumulative": 53.92622
      },
      {
        "side": "buy",
        "layer": 927,
        "price": 62685.32,
        "qty": 6.4,
        "cumulative": 44.3469
      },
      {
        "side": "buy",
        "layer": 953,
        "price": 62680.85,
        "qty": 4.79091,
        "cumulative": 49.13781
      }
    ],
    "sells": [
      {
        "side": "sell",
        "layer": 1,
        "price": 62838.01,
        "qty": 4.55729,
        "cumulative": 4.55729
      },
      {
        "side": "sell",
        "layer": 9,
        "price": 62838.95,
        "qty": 0.35254,
        "cumulative": 6.34278
      },
      {
        "side": "sell",
        "layer": 16,
        "price": 62839.99,
        "qty": 0.47721,
        "cumulative": 5.53504
      },
      {
        "side": "sell",
        "layer": 17,
        "price": 62840,
        "qty": 0.50054,
        "cumulative": 5.05783
      },
      {
        "side": "sell",
        "layer": 50,
        "price": 62844.87,
        "qty": 0.4552,
        "cumulative": 5.99024
      },
      {
        "side": "sell",
        "layer": 52,
        "price": 62844.96,
        "qty": 1.59142,
        "cumulative": 15.90309
      },
      {
        "side": "sell",
        "layer": 61,
        "price": 62845.44,
        "qty": 3.18278,
        "cumulative": 9.52556
      },
      {
        "side": "sell",
        "layer": 62,
        "price": 62845.45,
        "qty": 1.60394,
        "cumulative": 14.311670000000001
      },
      {
        "side": "sell",
        "layer": 77,
        "price": 62848,
        "qty": 1.58933,
        "cumulative": 17.49242
      },
      {
        "side": "sell",
        "layer": 86,
        "price": 62849.98,
        "qty": 3.18217,
        "cumulative": 12.707730000000002
      },
      {
        "side": "sell",
        "layer": 111,
        "price": 62853.78,
        "qty": 3.18217,
        "cumulative": 23.85926
      },
      {
        "side": "sell",
        "layer": 152,
        "price": 62859.67,
        "qty": 1.94464,
        "cumulative": 28.986069999999998
      },
      {
        "side": "sell",
        "layer": 157,
        "price": 62860.16,
        "qty": 3.18467,
        "cumulative": 20.67709
      },
      {
        "side": "sell",
        "layer": 176,
        "price": 62862.58,
        "qty": 1.57639,
        "cumulative": 30.562459999999998
      },
      {
        "side": "sell",
        "layer": 191,
        "price": 62863.98,
        "qty": 3.18217,
        "cumulative": 27.04143
      },
      {
        "side": "sell",
        "layer": 293,
        "price": 62880.1,
        "qty": 3.76717,
        "cumulative": 38.27886
      },
      {
        "side": "sell",
        "layer": 300,
        "price": 62882.07,
        "qty": 3.18268,
        "cumulative": 47.8271
      },
      {
        "side": "sell",
        "layer": 335,
        "price": 62888.11,
        "qty": 3.18278,
        "cumulative": 41.46164
      },
      {
        "side": "sell",
        "layer": 375,
        "price": 62895.66,
        "qty": 3.18278,
        "cumulative": 44.644420000000004
      },
      {
        "side": "sell",
        "layer": 453,
        "price": 62913.31,
        "qty": 3.94923,
        "cumulative": 34.51169
      },
      {
        "side": "sell",
        "layer": 622,
        "price": 62957.93,
        "qty": 4.76973,
        "cumulative": 63.61451
      },
      {
        "side": "sell",
        "layer": 626,
        "price": 62958.19,
        "qty": 4.76981,
        "cumulative": 58.84478
      },
      {
        "side": "sell",
        "layer": 723,
        "price": 62985.23,
        "qty": 4.76776,
        "cumulative": 68.38227
      },
      {
        "side": "sell",
        "layer": 742,
        "price": 62991.4,
        "qty": 6.24787,
        "cumulative": 54.07497
      },
      {
        "side": "sell",
        "layer": 839,
        "price": 63019.22,
        "qty": 4.7652,
        "cumulative": 73.14747
      }
    ]
  },
  "updatedAt": 1783336080308
}