{
  "symbol": "btcusdt",
  "timeframe": "1m",
  "candle": {
    "startTime": 1783336620000,
    "open": 62790.37,
    "high": 62800,
    "low": 62790.37,
    "close": 62799.99,
    "volume": 486,
    "direction": "up",
    "volatility": 9.62999999999738,
    "totalVolume": 486
  },
  "trades": {
    "count": 81043,
    "buyVolume": 177.27356999996917,
    "sellVolume": 199.74605999996518,
    "bigTrades": [
      {
        "price": 62859.14,
        "qty": 1.0194,
        "side": "sell",
        "value": 64078.607316,
        "time": 1783333103521
      },
      {
        "price": 62859.14,
        "qty": 0.98503,
        "side": "sell",
        "value": 61918.138674199996,
        "time": 1783333103792
      },
      {
        "price": 62856,
        "qty": 1.0194,
        "side": "buy",
        "value": 64075.40640000001,
        "time": 1783333143863
      },
      {
        "price": 62837.83,
        "qty": 1.01947,
        "side": "buy",
        "value": 64061.28255010001,
        "time": 1783333252137
      },
      {
        "price": 62876.57,
        "qty": 1.22566,
        "side": "buy",
        "value": 77065.2967862,
        "time": 1783333781160
      },
      {
        "price": 62876.57,
        "qty": 1.18937,
        "side": "buy",
        "value": 74783.5060609,
        "time": 1783333781161
      },
      {
        "price": 62883.53,
        "qty": 1.43429,
        "side": "buy",
        "value": 90193.2182437,
        "time": 1783333781194
      },
      {
        "price": 62883.54,
        "qty": 2.0898,
        "side": "buy",
        "value": 131414.021892,
        "time": 1783333781194
      },
      {
        "price": 62876,
        "qty": 0.96248,
        "side": "sell",
        "value": 60516.89248,
        "time": 1783333894957
      },
      {
        "price": 62882.02,
        "qty": 0.82074,
        "side": "buy",
        "value": 51609.7890948,
        "time": 1783333943400
      },
      {
        "price": 62979.04,
        "qty": 0.95754,
        "side": "sell",
        "value": 60304.949961599996,
        "time": 1783334049589
      },
      {
        "price": 62959.26,
        "qty": 0.80457,
        "side": "sell",
        "value": 50655.1318182,
        "time": 1783334302077
      },
      {
        "price": 62959.26,
        "qty": 1.8,
        "side": "sell",
        "value": 113326.668,
        "time": 1783334302077
      },
      {
        "price": 62959.26,
        "qty": 0.85232,
        "side": "sell",
        "value": 53661.4364832,
        "time": 1783334302078
      },
      {
        "price": 63025,
        "qty": 0.8507,
        "side": "sell",
        "value": 53615.3675,
        "time": 1783334389856
      },
      {
        "price": 63000,
        "qty": 1.01318,
        "side": "sell",
        "value": 63830.34,
        "time": 1783334434959
      },
      {
        "price": 62918.49,
        "qty": 1.0409,
        "side": "buy",
        "value": 65491.856240999994,
        "time": 1783334802646
      },
      {
        "price": 62894,
        "qty": 0.966,
        "side": "sell",
        "value": 60755.604,
        "time": 1783334929433
      },
      {
        "price": 62871.46,
        "qty": 4.21317,
        "side": "sell",
        "value": 264888.14912819996,
        "time": 1783334970246
      },
      {
        "price": 62827.8,
        "qty": 0.9888,
        "side": "buy",
        "value": 62124.12864,
        "time": 1783335003475
      },
      {
        "price": 62827.8,
        "qty": 3.18352,
        "side": "buy",
        "value": 200013.55785600003,
        "time": 1783335003477
      },
      {
        "price": 62833.43,
        "qty": 0.99935,
        "side": "buy",
        "value": 62792.5882705,
        "time": 1783335197280
      },
      {
        "price": 62840.01,
        "qty": 0.8167,
        "side": "buy",
        "value": 51321.436167,
        "time": 1783335224033
      },
      {
        "price": 62820,
        "qty": 3.18369,
        "side": "buy",
        "value": 199999.4058,
        "time": 1783335565420
      },
      {
        "price": 62871.03,
        "qty": 1.36622,
        "side": "sell",
        "value": 85895.6586066,
        "time": 1783335908214
      },
      {
        "price": 62870.71,
        "qty": 0.86668,
        "side": "sell",
        "value": 54488.7869428,
        "time": 1783335926908
      },
      {
        "price": 62870.71,
        "qty": 4.77182,
        "side": "sell",
        "value": 300007.71139219997,
        "time": 1783335928709
      },
      {
        "price": 62864.76,
        "qty": 0.91128,
        "side": "sell",
        "value": 57287.3984928,
        "time": 1783335983408
      },
      {
        "price": 62850.01,
        "qty": 0.84409,
        "side": "buy",
        "value": 53051.0649409,
        "time": 1783335991595
      },
      {
        "price": 62819.85,
        "qty": 0.87148,
        "side": "sell",
        "value": 54746.242878,
        "time": 1783336539602
      },
      {
        "price": 62819.85,
        "qty": 1.1893,
        "side": "sell",
        "value": 74711.647605,
        "time": 1783336539603
      },
      {
        "price": 62807.68,
        "qty": 0.83728,
        "side": "sell",
        "value": 52587.6143104,
        "time": 1783336572523
      }
    ]
  },
  "depthImportant": {
    "buys": [
      {
        "side": "buy",
        "layer": 1,
        "price": 62799.99,
        "qty": 2.85922,
        "cumulative": 6.04393
      },
      {
        "side": "buy",
        "layer": 6,
        "price": 62799.9,
        "qty": 0.52599,
        "cumulative": 7.587479999999999
      },
      {
        "side": "buy",
        "layer": 26,
        "price": 62796.01,
        "qty": 0.47671,
        "cumulative": 8.06419
      },
      {
        "side": "buy",
        "layer": 29,
        "price": 62795.94,
        "qty": 1.01756,
        "cumulative": 7.061489999999999
      },
      {
        "side": "buy",
        "layer": 39,
        "price": 62793.73,
        "qty": 3.18471,
        "cumulative": 3.18471
      },
      {
        "side": "buy",
        "layer": 58,
        "price": 62790.42,
        "qty": 1.26704,
        "cumulative": 14.12108
      },
      {
        "side": "buy",
        "layer": 67,
        "price": 62789.39,
        "qty": 3.18471,
        "cumulative": 11.248899999999999
      },
      {
        "side": "buy",
        "layer": 83,
        "price": 62787.74,
        "qty": 0.64924,
        "cumulative": 15.5355
      },
      {
        "side": "buy",
        "layer": 87,
        "price": 62787.29,
        "qty": 0.76518,
        "cumulative": 14.88626
      },
      {
        "side": "buy",
        "layer": 89,
        "price": 62787.27,
        "qty": 1.60514,
        "cumulative": 12.85404
      },
      {
        "side": "buy",
        "layer": 107,
        "price": 62784.85,
        "qty": 3.18471,
        "cumulative": 25.091240000000003
      },
      {
        "side": "buy",
        "layer": 160,
        "price": 62777.6,
        "qty": 1.68615,
        "cumulative": 26.777390000000004
      },
      {
        "side": "buy",
        "layer": 161,
        "price": 62777.59,
        "qty": 3.18548,
        "cumulative": 21.906530000000004
      },
      {
        "side": "buy",
        "layer": 165,
        "price": 62776.63,
        "qty": 1.57855,
        "cumulative": 28.355940000000004
      },
      {
        "side": "buy",
        "layer": 195,
        "price": 62773.3,
        "qty": 3.18555,
        "cumulative": 18.72105
      },
      {
        "side": "buy",
        "layer": 235,
        "price": 62768.53,
        "qty": 3.18491,
        "cumulative": 36.327490000000004
      },
      {
        "side": "buy",
        "layer": 280,
        "price": 62763.44,
        "qty": 3.18471,
        "cumulative": 39.51220000000001
      },
      {
        "side": "buy",
        "layer": 302,
        "price": 62759.22,
        "qty": 3.1837,
        "cumulative": 42.69590000000001
      },
      {
        "side": "buy",
        "layer": 365,
        "price": 62751.26,
        "qty": 3.1837,
        "cumulative": 45.87960000000001
      },
      {
        "side": "buy",
        "layer": 486,
        "price": 62735.43,
        "qty": 4.78664,
        "cumulative": 33.14258
      },
      {
        "side": "buy",
        "layer": 633,
        "price": 62712.35,
        "qty": 4.78841,
        "cumulative": 71.41039
      },
      {
        "side": "buy",
        "layer": 804,
        "price": 62680.85,
        "qty": 4.79091,
        "cumulative": 66.62198000000001
      },
      {
        "side": "buy",
        "layer": 840,
        "price": 62672.08,
        "qty": 4.79148,
        "cumulative": 61.831070000000004
      },
      {
        "side": "buy",
        "layer": 925,
        "price": 62655.01,
        "qty": 6.36682,
        "cumulative": 52.24642000000001
      },
      {
        "side": "buy",
        "layer": 948,
        "price": 62649.94,
        "qty": 4.79317,
        "cumulative": 57.039590000000004
      }
    ],
    "sells": [
      {
        "side": "sell",
        "layer": 1,
        "price": 62800,
        "qty": 3.72235,
        "cumulative": 3.72235
      },
      {
        "side": "sell",
        "layer": 15,
        "price": 62802.29,
        "qty": 0.23173,
        "cumulative": 5.309359999999999
      },
      {
        "side": "sell",
        "layer": 16,
        "price": 62802.3,
        "qty": 0.50018,
        "cumulative": 4.22253
      },
      {
        "side": "sell",
        "layer": 36,
        "price": 62806.62,
        "qty": 0.37839,
        "cumulative": 5.077629999999999
      },
      {
        "side": "sell",
        "layer": 37,
        "price": 62806.63,
        "qty": 0.47671,
        "cumulative": 4.69924
      },
      {
        "side": "sell",
        "layer": 60,
        "price": 62809.87,
        "qty": 1.02031,
        "cumulative": 13.523789999999998
      },
      {
        "side": "sell",
        "layer": 61,
        "price": 62809.9,
        "qty": 2.08105,
        "cumulative": 10.575119999999998
      },
      {
        "side": "sell",
        "layer": 95,
        "price": 62813.82,
        "qty": 1.92836,
        "cumulative": 12.503479999999998
      },
      {
        "side": "sell",
        "layer": 96,
        "price": 62813.83,
        "qty": 3.18471,
        "cumulative": 8.494069999999999
      },
      {
        "side": "sell",
        "layer": 97,
        "price": 62813.84,
        "qty": 0.79692,
        "cumulative": 14.320709999999998
      },
      {
        "side": "sell",
        "layer": 115,
        "price": 62815.6,
        "qty": 1.109,
        "cumulative": 24.67421999999999
      },
      {
        "side": "sell",
        "layer": 137,
        "price": 62818.88,
        "qty": 1.50754,
        "cumulative": 22.196659999999994
      },
      {
        "side": "sell",
        "layer": 138,
        "price": 62818.89,
        "qty": 3.18471,
        "cumulative": 17.505419999999997
      },
      {
        "side": "sell",
        "layer": 174,
        "price": 62825.13,
        "qty": 1.36856,
        "cumulative": 23.565219999999993
      },
      {
        "side": "sell",
        "layer": 176,
        "price": 62825.53,
        "qty": 3.1837,
        "cumulative": 20.689119999999996
      },
      {
        "side": "sell",
        "layer": 389,
        "price": 62860.22,
        "qty": 3.52986,
        "cumulative": 45.56702999999999
      },
      {
        "side": "sell",
        "layer": 390,
        "price": 62860.23,
        "qty": 3.76837,
        "cumulative": 42.03716999999999
      },
      {
        "side": "sell",
        "layer": 410,
        "price": 62863.26,
        "qty": 4.77691,
        "cumulative": 29.451129999999992
      },
      {
        "side": "sell",
        "layer": 415,
        "price": 62864.04,
        "qty": 4.04153,
        "cumulative": 38.26879999999999
      },
      {
        "side": "sell",
        "layer": 455,
        "price": 62873.36,
        "qty": 4.77614,
        "cumulative": 34.22726999999999
      },
      {
        "side": "sell",
        "layer": 570,
        "price": 62903.93,
        "qty": 4.77382,
        "cumulative": 56.54151999999999
      },
      {
        "side": "sell",
        "layer": 608,
        "price": 62916.01,
        "qty": 4.77291,
        "cumulative": 61.314429999999994
      },
      {
        "side": "sell",
        "layer": 629,
        "price": 62923.55,
        "qty": 4.77233,
        "cumulative": 66.08676
      },
      {
        "side": "sell",
        "layer": 630,
        "price": 62923.56,
        "qty": 4.77233,
        "cumulative": 70.85909
      },
      {
        "side": "sell",
        "layer": 741,
        "price": 62958.75,
        "qty": 6.20067,
        "cumulative": 51.76769999999999
      }
    ]
  },
  "updatedAt": 1783336680727
}