{
  "symbol": "btcusdt",
  "timeframe": "1m",
  "candle": {
    "startTime": 1783335000000,
    "open": 62840.75,
    "high": 62850,
    "low": 62817.04,
    "close": 62850,
    "volume": 1982,
    "direction": "up",
    "volatility": 32.95999999999913,
    "totalVolume": 1982
  },
  "trades": {
    "count": 52019,
    "buyVolume": 113.32525999998295,
    "sellVolume": 142.59124999998178,
    "bigTrades": [
      {
        "price": 62859.14,
        "qty": 1.0194,
        "side": "sell",
        "value": 64078.607316,
        "time": 1783333103521
      },
      {
        "price": 62859.14,
        "qty": 0.98503,
        "side": "sell",
        "value": 61918.138674199996,
        "time": 1783333103792
      },
      {
        "price": 62856,
        "qty": 1.0194,
        "side": "buy",
        "value": 64075.40640000001,
        "time": 1783333143863
      },
      {
        "price": 62837.83,
        "qty": 1.01947,
        "side": "buy",
        "value": 64061.28255010001,
        "time": 1783333252137
      },
      {
        "price": 62876.57,
        "qty": 1.22566,
        "side": "buy",
        "value": 77065.2967862,
        "time": 1783333781160
      },
      {
        "price": 62876.57,
        "qty": 1.18937,
        "side": "buy",
        "value": 74783.5060609,
        "time": 1783333781161
      },
      {
        "price": 62883.53,
        "qty": 1.43429,
        "side": "buy",
        "value": 90193.2182437,
        "time": 1783333781194
      },
      {
        "price": 62883.54,
        "qty": 2.0898,
        "side": "buy",
        "value": 131414.021892,
        "time": 1783333781194
      },
      {
        "price": 62876,
        "qty": 0.96248,
        "side": "sell",
        "value": 60516.89248,
        "time": 1783333894957
      },
      {
        "price": 62882.02,
        "qty": 0.82074,
        "side": "buy",
        "value": 51609.7890948,
        "time": 1783333943400
      },
      {
        "price": 62979.04,
        "qty": 0.95754,
        "side": "sell",
        "value": 60304.949961599996,
        "time": 1783334049589
      },
      {
        "price": 62959.26,
        "qty": 0.80457,
        "side": "sell",
        "value": 50655.1318182,
        "time": 1783334302077
      },
      {
        "price": 62959.26,
        "qty": 1.8,
        "side": "sell",
        "value": 113326.668,
        "time": 1783334302077
      },
      {
        "price": 62959.26,
        "qty": 0.85232,
        "side": "sell",
        "value": 53661.4364832,
        "time": 1783334302078
      },
      {
        "price": 63025,
        "qty": 0.8507,
        "side": "sell",
        "value": 53615.3675,
        "time": 1783334389856
      },
      {
        "price": 63000,
        "qty": 1.01318,
        "side": "sell",
        "value": 63830.34,
        "time": 1783334434959
      },
      {
        "price": 62918.49,
        "qty": 1.0409,
        "side": "buy",
        "value": 65491.856240999994,
        "time": 1783334802646
      },
      {
        "price": 62894,
        "qty": 0.966,
        "side": "sell",
        "value": 60755.604,
        "time": 1783334929433
      },
      {
        "price": 62871.46,
        "qty": 4.21317,
        "side": "sell",
        "value": 264888.14912819996,
        "time": 1783334970246
      },
      {
        "price": 62827.8,
        "qty": 0.9888,
        "side": "buy",
        "value": 62124.12864,
        "time": 1783335003475
      },
      {
        "price": 62827.8,
        "qty": 3.18352,
        "side": "buy",
        "value": 200013.55785600003,
        "time": 1783335003477
      }
    ]
  },
  "depthImportant": {
    "buys": [
      {
        "side": "buy",
        "layer": 1,
        "price": 62849.99,
        "qty": 1.66464,
        "cumulative": 1.66464
      },
      {
        "side": "buy",
        "layer": 35,
        "price": 62843.64,
        "qty": 0.07645,
        "cumulative": 2.22839
      },
      {
        "side": "buy",
        "layer": 38,
        "price": 62843.24,
        "qty": 0.29548,
        "cumulative": 1.9601199999999999
      },
      {
        "side": "buy",
        "layer": 42,
        "price": 62842.51,
        "qty": 0.09567,
        "cumulative": 2.15194
      },
      {
        "side": "buy",
        "layer": 50,
        "price": 62841.83,
        "qty": 0.09615,
        "cumulative": 2.05627
      },
      {
        "side": "buy",
        "layer": 61,
        "price": 62840.85,
        "qty": 0.3,
        "cumulative": 3.8504400000000003
      },
      {
        "side": "buy",
        "layer": 69,
        "price": 62840.03,
        "qty": 0.31813,
        "cumulative": 3.5504400000000005
      },
      {
        "side": "buy",
        "layer": 75,
        "price": 62839.69,
        "qty": 0.47671,
        "cumulative": 3.2323100000000005
      },
      {
        "side": "buy",
        "layer": 76,
        "price": 62839.68,
        "qty": 0.225,
        "cumulative": 4.07544
      },
      {
        "side": "buy",
        "layer": 98,
        "price": 62837.23,
        "qty": 0.52721,
        "cumulative": 2.7556000000000003
      },
      {
        "side": "buy",
        "layer": 136,
        "price": 62831.31,
        "qty": 0.66282,
        "cumulative": 14.5126
      },
      {
        "side": "buy",
        "layer": 161,
        "price": 62828.2,
        "qty": 1.29764,
        "cumulative": 12.69035
      },
      {
        "side": "buy",
        "layer": 162,
        "price": 62828.19,
        "qty": 3.65889,
        "cumulative": 7.73433
      },
      {
        "side": "buy",
        "layer": 187,
        "price": 62824.17,
        "qty": 1.15943,
        "cumulative": 13.84978
      },
      {
        "side": "buy",
        "layer": 194,
        "price": 62822.32,
        "qty": 3.65838,
        "cumulative": 11.392710000000001
      },
      {
        "side": "buy",
        "layer": 247,
        "price": 62815.5,
        "qty": 3.18414,
        "cumulative": 26.14004
      },
      {
        "side": "buy",
        "layer": 281,
        "price": 62809.44,
        "qty": 3.18352,
        "cumulative": 29.32356
      },
      {
        "side": "buy",
        "layer": 331,
        "price": 62802.6,
        "qty": 3.65972,
        "cumulative": 22.9559
      },
      {
        "side": "buy",
        "layer": 392,
        "price": 62793.44,
        "qty": 3.18218,
        "cumulative": 32.50574
      },
      {
        "side": "buy",
        "layer": 473,
        "price": 62777.55,
        "qty": 4.78358,
        "cumulative": 19.29618
      },
      {
        "side": "buy",
        "layer": 639,
        "price": 62747.7,
        "qty": 4.78585,
        "cumulative": 57.97912000000001
      },
      {
        "side": "buy",
        "layer": 754,
        "price": 62724.72,
        "qty": 4.78761,
        "cumulative": 53.193270000000005
      },
      {
        "side": "buy",
        "layer": 884,
        "price": 62696.92,
        "qty": 4.78973,
        "cumulative": 48.405660000000005
      },
      {
        "side": "buy",
        "layer": 887,
        "price": 62696.54,
        "qty": 4.78976,
        "cumulative": 43.615930000000006
      },
      {
        "side": "buy",
        "layer": 889,
        "price": 62696.18,
        "qty": 6.32043,
        "cumulative": 38.826170000000005
      }
    ],
    "sells": [
      {
        "side": "sell",
        "layer": 1,
        "price": 62850,
        "qty": 5.72759,
        "cumulative": 5.72759
      },
      {
        "side": "sell",
        "layer": 21,
        "price": 62852.64,
        "qty": 0.47638,
        "cumulative": 10.410300000000001
      },
      {
        "side": "sell",
        "layer": 37,
        "price": 62855.28,
        "qty": 1.02415,
        "cumulative": 9.93392
      },
      {
        "side": "sell",
        "layer": 42,
        "price": 62855.91,
        "qty": 3.18218,
        "cumulative": 8.90977
      },
      {
        "side": "sell",
        "layer": 47,
        "price": 62856.29,
        "qty": 0.225,
        "cumulative": 10.6353
      },
      {
        "side": "sell",
        "layer": 51,
        "price": 62856.87,
        "qty": 0.47671,
        "cumulative": 16.5726
      },
      {
        "side": "sell",
        "layer": 75,
        "price": 62859.93,
        "qty": 1.48207,
        "cumulative": 15.29955
      },
      {
        "side": "sell",
        "layer": 76,
        "price": 62859.94,
        "qty": 3.18218,
        "cumulative": 13.81748
      },
      {
        "side": "sell",
        "layer": 88,
        "price": 62860.99,
        "qty": 0.47671,
        "cumulative": 17.049310000000002
      },
      {
        "side": "sell",
        "layer": 96,
        "price": 62862.24,
        "qty": 0.79634,
        "cumulative": 16.09589
      },
      {
        "side": "sell",
        "layer": 113,
        "price": 62863.76,
        "qty": 3.18218,
        "cumulative": 23.415010000000002
      },
      {
        "side": "sell",
        "layer": 134,
        "price": 62866.01,
        "qty": 1.40912,
        "cumulative": 29.609590000000004
      },
      {
        "side": "sell",
        "layer": 152,
        "price": 62868.55,
        "qty": 3.18218,
        "cumulative": 26.59719
      },
      {
        "side": "sell",
        "layer": 172,
        "price": 62871.34,
        "qty": 1.60328,
        "cumulative": 28.200470000000003
      },
      {
        "side": "sell",
        "layer": 181,
        "price": 62872.4,
        "qty": 3.18352,
        "cumulative": 20.232830000000003
      },
      {
        "side": "sell",
        "layer": 293,
        "price": 62891.28,
        "qty": 3.21129,
        "cumulative": 49.74436
      },
      {
        "side": "sell",
        "layer": 410,
        "price": 62913.91,
        "qty": 4.43425,
        "cumulative": 38.81691
      },
      {
        "side": "sell",
        "layer": 413,
        "price": 62914.22,
        "qty": 3.76513,
        "cumulative": 46.53307
      },
      {
        "side": "sell",
        "layer": 418,
        "price": 62915.76,
        "qty": 4.77307,
        "cumulative": 34.38266
      },
      {
        "side": "sell",
        "layer": 419,
        "price": 62915.81,
        "qty": 3.95103,
        "cumulative": 42.76794
      },
      {
        "side": "sell",
        "layer": 524,
        "price": 62941.98,
        "qty": 4.77108,
        "cumulative": 60.72806
      },
      {
        "side": "sell",
        "layer": 568,
        "price": 62953.19,
        "qty": 4.77023,
        "cumulative": 65.49829
      },
      {
        "side": "sell",
        "layer": 626,
        "price": 62968.24,
        "qty": 4.76909,
        "cumulative": 70.26738
      },
      {
        "side": "sell",
        "layer": 645,
        "price": 62973.25,
        "qty": 4.76871,
        "cumulative": 75.03609
      },
      {
        "side": "sell",
        "layer": 751,
        "price": 63005.05,
        "qty": 6.21262,
        "cumulative": 55.95698
      }
    ]
  },
  "updatedAt": 1783335060244
}