{
  "symbol": "btcusdt",
  "timeframe": "1m",
  "candle": {
    "startTime": 1783339260000,
    "open": 62298.47,
    "high": 62356,
    "low": 62200.12,
    "close": 62210.08,
    "volume": 11381,
    "direction": "down",
    "volatility": 155.87999999999738,
    "totalVolume": 11381
  },
  "trades": {
    "count": 55642,
    "buyVolume": 162.5015900000004,
    "sellVolume": 344.9666899999874,
    "bigTrades": [
      {
        "price": 62625.23,
        "qty": 1,
        "side": "sell",
        "value": 62625.23,
        "time": 1783339167026
      },
      {
        "price": 62620,
        "qty": 1.24966,
        "side": "sell",
        "value": 78253.7092,
        "time": 1783339167031
      },
      {
        "price": 62619.99,
        "qty": 3.19386,
        "side": "sell",
        "value": 199999.48126139998,
        "time": 1783339167031
      },
      {
        "price": 62613.03,
        "qty": 0.91264,
        "side": "buy",
        "value": 57143.1556992,
        "time": 1783339170937
      },
      {
        "price": 62622.48,
        "qty": 0.97939,
        "side": "buy",
        "value": 61331.8306872,
        "time": 1783339171185
      },
      {
        "price": 62645.12,
        "qty": 3.19284,
        "side": "sell",
        "value": 200015.84494080002,
        "time": 1783339171642
      },
      {
        "price": 62645.11,
        "qty": 3.19284,
        "side": "sell",
        "value": 200015.8130124,
        "time": 1783339171649
      },
      {
        "price": 62645.11,
        "qty": 1.10606,
        "side": "sell",
        "value": 69289.2503666,
        "time": 1783339171649
      },
      {
        "price": 62643.83,
        "qty": 0.94539,
        "side": "sell",
        "value": 59222.8504437,
        "time": 1783339171651
      },
      {
        "price": 62596.8,
        "qty": 1.54804,
        "side": "sell",
        "value": 96902.35027200001,
        "time": 1783339180632
      },
      {
        "price": 62596.79,
        "qty": 3.19397,
        "side": "sell",
        "value": 199932.2693563,
        "time": 1783339180632
      },
      {
        "price": 62591.28,
        "qty": 1.50598,
        "side": "sell",
        "value": 94261.2158544,
        "time": 1783339180635
      },
      {
        "price": 62591.27,
        "qty": 3.19397,
        "side": "sell",
        "value": 199914.6386419,
        "time": 1783339180635
      },
      {
        "price": 62591.24,
        "qty": 0.79935,
        "side": "sell",
        "value": 50032.307693999996,
        "time": 1783339180635
      },
      {
        "price": 62585.85,
        "qty": 1.66785,
        "side": "sell",
        "value": 104383.8099225,
        "time": 1783339180639
      },
      {
        "price": 62585.84,
        "qty": 3.19397,
        "side": "sell",
        "value": 199897.2953848,
        "time": 1783339180639
      },
      {
        "price": 62585.82,
        "qty": 1.1119,
        "side": "sell",
        "value": 69589.17325800001,
        "time": 1783339180639
      },
      {
        "price": 62576.12,
        "qty": 3.19397,
        "side": "sell",
        "value": 199866.24999640003,
        "time": 1783339180648
      },
      {
        "price": 62567.67,
        "qty": 1.86176,
        "side": "sell",
        "value": 116485.98529920001,
        "time": 1783339180840
      },
      {
        "price": 62567.66,
        "qty": 3.19397,
        "side": "sell",
        "value": 199839.2290102,
        "time": 1783339180840
      },
      {
        "price": 62567.4,
        "qty": 1.5838,
        "side": "sell",
        "value": 99094.24812,
        "time": 1783339180841
      },
      {
        "price": 62562.02,
        "qty": 2.5316,
        "side": "sell",
        "value": 158382.009832,
        "time": 1783339180847
      },
      {
        "price": 62562.01,
        "qty": 3.19397,
        "side": "sell",
        "value": 199821.18307970001,
        "time": 1783339180848
      },
      {
        "price": 62561.44,
        "qty": 1.61122,
        "side": "sell",
        "value": 100800.24335680001,
        "time": 1783339180848
      },
      {
        "price": 62560.27,
        "qty": 1.58398,
        "side": "sell",
        "value": 99094.21647459999,
        "time": 1783339180849
      },
      {
        "price": 62555.57,
        "qty": 1.21156,
        "side": "sell",
        "value": 75789.8263892,
        "time": 1783339180853
      },
      {
        "price": 62554.94,
        "qty": 1.58412,
        "side": "sell",
        "value": 99094.5315528,
        "time": 1783339180855
      },
      {
        "price": 62550.51,
        "qty": 3.19397,
        "side": "sell",
        "value": 199784.45242470002,
        "time": 1783339180860
      },
      {
        "price": 62547.69,
        "qty": 1.5843,
        "side": "sell",
        "value": 99094.305267,
        "time": 1783339180865
      },
      {
        "price": 62545,
        "qty": 10.32253,
        "side": "buy",
        "value": 645622.63885,
        "time": 1783339180868
      },
      {
        "price": 62545,
        "qty": 3.82692,
        "side": "buy",
        "value": 239354.7114,
        "time": 1783339180872
      },
      {
        "price": 62545,
        "qty": 3.13733,
        "side": "buy",
        "value": 196224.30485,
        "time": 1783339180872
      },
      {
        "price": 62545,
        "qty": 1.60037,
        "side": "buy",
        "value": 100095.14165,
        "time": 1783339180872
      },
      {
        "price": 62545,
        "qty": 7.05864,
        "side": "buy",
        "value": 441482.63879999996,
        "time": 1783339180872
      },
      {
        "price": 62599.83,
        "qty": 1.28,
        "side": "sell",
        "value": 80127.78240000001,
        "time": 1783339185272
      },
      {
        "price": 62599.83,
        "qty": 5.12,
        "side": "sell",
        "value": 320511.12960000004,
        "time": 1783339185272
      },
      {
        "price": 62520,
        "qty": 0.87933,
        "side": "sell",
        "value": 54975.711599999995,
        "time": 1783339190853
      },
      {
        "price": 62500.01,
        "qty": 2.82282,
        "side": "sell",
        "value": 176426.2782282,
        "time": 1783339198322
      },
      {
        "price": 62500.01,
        "qty": 0.99666,
        "side": "sell",
        "value": 62291.2599666,
        "time": 1783339198323
      },
      {
        "price": 62500.01,
        "qty": 0.94893,
        "side": "sell",
        "value": 59308.134489300006,
        "time": 1783339198323
      },
      {
        "price": 62500,
        "qty": 0.92892,
        "side": "sell",
        "value": 58057.5,
        "time": 1783339198559
      },
      {
        "price": 62500,
        "qty": 1.41546,
        "side": "sell",
        "value": 88466.25,
        "time": 1783339198559
      },
      {
        "price": 62500,
        "qty": 1.21637,
        "side": "sell",
        "value": 76023.125,
        "time": 1783339198565
      },
      {
        "price": 62500,
        "qty": 0.82232,
        "side": "sell",
        "value": 51395,
        "time": 1783339198569
      },
      {
        "price": 62443.38,
        "qty": 1.40548,
        "side": "sell",
        "value": 87762.9217224,
        "time": 1783339208248
      },
      {
        "price": 62414.02,
        "qty": 1.48808,
        "side": "buy",
        "value": 92877.0548816,
        "time": 1783339208852
      },
      {
        "price": 62417.96,
        "qty": 1.21145,
        "side": "buy",
        "value": 75616.237642,
        "time": 1783339208897
      },
      {
        "price": 62417.96,
        "qty": 3.20435,
        "side": "buy",
        "value": 200008.990126,
        "time": 1783339208897
      },
      {
        "price": 62417.97,
        "qty": 1.40145,
        "side": "buy",
        "value": 87475.66405650001,
        "time": 1783339208897
      },
      {
        "price": 62415.28,
        "qty": 1.53707,
        "side": "buy",
        "value": 95936.65442959999,
        "time": 1783339208912
      },
      {
        "price": 62417.97,
        "qty": 3.20435,
        "side": "buy",
        "value": 200009.02216949998,
        "time": 1783339208913
      },
      {
        "price": 62400,
        "qty": 1.01496,
        "side": "sell",
        "value": 63333.50400000001,
        "time": 1783339212201
      },
      {
        "price": 62390,
        "qty": 1.05578,
        "side": "buy",
        "value": 65870.1142,
        "time": 1783339212750
      },
      {
        "price": 62394.6,
        "qty": 3.2054,
        "side": "buy",
        "value": 199999.65084,
        "time": 1783339213945
      },
      {
        "price": 62409.99,
        "qty": 0.88258,
        "side": "buy",
        "value": 55081.8089742,
        "time": 1783339219360
      },
      {
        "price": 62300,
        "qty": 1.11511,
        "side": "sell",
        "value": 69471.353,
        "time": 1783339226001
      },
      {
        "price": 62286.14,
        "qty": 1.5398,
        "side": "sell",
        "value": 95908.198372,
        "time": 1783339226121
      },
      {
        "price": 62299,
        "qty": 1.81578,
        "side": "buy",
        "value": 113121.27822,
        "time": 1783339229389
      },
      {
        "price": 62300.14,
        "qty": 1.18611,
        "side": "sell",
        "value": 73894.8190554,
        "time": 1783339229857
      },
      {
        "price": 62298.33,
        "qty": 1.61664,
        "side": "sell",
        "value": 100713.9722112,
        "time": 1783339229858
      },
      {
        "price": 62298.32,
        "qty": 2.03002,
        "side": "sell",
        "value": 126466.8355664,
        "time": 1783339229858
      },
      {
        "price": 62297,
        "qty": 1.07241,
        "side": "sell",
        "value": 66807.92577,
        "time": 1783339229858
      },
      {
        "price": 62200,
        "qty": 0.93771,
        "side": "sell",
        "value": 58325.562000000005,
        "time": 1783339233657
      },
      {
        "price": 62200,
        "qty": 0.999,
        "side": "sell",
        "value": 62137.8,
        "time": 1783339233658
      },
      {
        "price": 62308.13,
        "qty": 1.31873,
        "side": "sell",
        "value": 82167.60027489999,
        "time": 1783339257201
      },
      {
        "price": 62302.98,
        "qty": 0.98268,
        "side": "sell",
        "value": 61223.8923864,
        "time": 1783339257203
      },
      {
        "price": 62212.87,
        "qty": 0.8665,
        "side": "sell",
        "value": 53907.45185500001,
        "time": 1783339318357
      },
      {
        "price": 62210.08,
        "qty": 0.8665,
        "side": "sell",
        "value": 53905.034320000006,
        "time": 1783339318359
      },
      {
        "price": 62206.65,
        "qty": 1.27009,
        "side": "sell",
        "value": 79008.0440985,
        "time": 1783339318362
      },
      {
        "price": 62206.64,
        "qty": 3.2146,
        "side": "sell",
        "value": 199969.46494399998,
        "time": 1783339318362
      },
      {
        "price": 62206.62,
        "qty": 0.8665,
        "side": "sell",
        "value": 53902.036230000005,
        "time": 1783339318362
      },
      {
        "price": 62202.76,
        "qty": 0.8665,
        "side": "sell",
        "value": 53898.69154000001,
        "time": 1783339318363
      },
      {
        "price": 62200.12,
        "qty": 2.46707,
        "side": "sell",
        "value": 153452.0500484,
        "time": 1783339318365
      }
    ]
  },
  "depthImportant": {
    "buys": [
      {
        "side": "buy",
        "layer": 1,
        "price": 62210.08,
        "qty": 0.99019,
        "cumulative": 36.54259
      },
      {
        "side": "buy",
        "layer": 34,
        "price": 62202.92,
        "qty": 0.86659,
        "cumulative": 38.27592
      },
      {
        "side": "buy",
        "layer": 45,
        "price": 62200.13,
        "qty": 0.86674,
        "cumulative": 37.40933
      },
      {
        "side": "buy",
        "layer": 47,
        "price": 62200.01,
        "qty": 8.02252,
        "cumulative": 35.5524
      },
      {
        "side": "buy",
        "layer": 48,
        "price": 62200,
        "qty": 27.52988,
        "cumulative": 27.52988
      },
      {
        "side": "buy",
        "layer": 53,
        "price": 62199.46,
        "qty": 0.66,
        "cumulative": 39.740489999999994
      },
      {
        "side": "buy",
        "layer": 78,
        "price": 62197.18,
        "qty": 0.10895,
        "cumulative": 40.292449999999995
      },
      {
        "side": "buy",
        "layer": 88,
        "price": 62196.1,
        "qty": 0.21544,
        "cumulative": 40.183499999999995
      },
      {
        "side": "buy",
        "layer": 89,
        "price": 62196.09,
        "qty": 0.22757,
        "cumulative": 39.968059999999994
      },
      {
        "side": "buy",
        "layer": 96,
        "price": 62195.21,
        "qty": 0.80457,
        "cumulative": 39.08049
      },
      {
        "side": "buy",
        "layer": 130,
        "price": 62192.66,
        "qty": 0.8665,
        "cumulative": 48.863699999999994
      },
      {
        "side": "buy",
        "layer": 147,
        "price": 62189.68,
        "qty": 2.44409,
        "cumulative": 45.951139999999995
      },
      {
        "side": "buy",
        "layer": 153,
        "price": 62189.04,
        "qty": 3.2146,
        "cumulative": 43.50704999999999
      },
      {
        "side": "buy",
        "layer": 155,
        "price": 62189.01,
        "qty": 1.11866,
        "cumulative": 47.069799999999994
      },
      {
        "side": "buy",
        "layer": 161,
        "price": 62188,
        "qty": 0.9274,
        "cumulative": 47.99719999999999
      },
      {
        "side": "buy",
        "layer": 374,
        "price": 62159.18,
        "qty": 3.21378,
        "cumulative": 67.19735
      },
      {
        "side": "buy",
        "layer": 415,
        "price": 62152.22,
        "qty": 3.21429,
        "cumulative": 63.98357
      },
      {
        "side": "buy",
        "layer": 419,
        "price": 62151.85,
        "qty": 4.83149,
        "cumulative": 53.69519
      },
      {
        "side": "buy",
        "layer": 472,
        "price": 62143.03,
        "qty": 3.21491,
        "cumulative": 60.76928
      },
      {
        "side": "buy",
        "layer": 475,
        "price": 62142.86,
        "qty": 3.85918,
        "cumulative": 57.55437
      },
      {
        "side": "buy",
        "layer": 668,
        "price": 62100,
        "qty": 8.07098,
        "cumulative": 110.79163000000001
      },
      {
        "side": "buy",
        "layer": 772,
        "price": 62065.02,
        "qty": 6.40908,
        "cumulative": 117.20071000000002
      },
      {
        "side": "buy",
        "layer": 907,
        "price": 62000,
        "qty": 35.5233,
        "cumulative": 102.72065
      },
      {
        "side": "buy",
        "layer": 912,
        "price": 61996.42,
        "qty": 4.84361,
        "cumulative": 126.88850000000001
      },
      {
        "side": "buy",
        "layer": 922,
        "price": 61989.07,
        "qty": 4.84418,
        "cumulative": 122.04489000000001
      }
    ],
    "sells": [
      {
        "side": "sell",
        "layer": 1,
        "price": 62210.09,
        "qty": 1.08038,
        "cumulative": 5.52133
      },
      {
        "side": "sell",
        "layer": 20,
        "price": 62213.94,
        "qty": 0.8665,
        "cumulative": 6.38783
      },
      {
        "side": "sell",
        "layer": 27,
        "price": 62215.26,
        "qty": 3.21491,
        "cumulative": 3.21491
      },
      {
        "side": "sell",
        "layer": 36,
        "price": 62216.55,
        "qty": 0.8665,
        "cumulative": 7.25433
      },
      {
        "side": "sell",
        "layer": 50,
        "price": 62219.06,
        "qty": 1.22604,
        "cumulative": 4.44095
      },
      {
        "side": "sell",
        "layer": 51,
        "price": 62219.07,
        "qty": 4.08155,
        "cumulative": 31.75156
      },
      {
        "side": "sell",
        "layer": 66,
        "price": 62223.06,
        "qty": 4.0811,
        "cumulative": 35.832660000000004
      },
      {
        "side": "sell",
        "layer": 67,
        "price": 62223.07,
        "qty": 4.7014,
        "cumulative": 27.67001
      },
      {
        "side": "sell",
        "layer": 68,
        "price": 62223.08,
        "qty": 15.71428,
        "cumulative": 22.96861
      },
      {
        "side": "sell",
        "layer": 89,
        "price": 62227.02,
        "qty": 4.0811,
        "cumulative": 39.91376
      },
      {
        "side": "sell",
        "layer": 120,
        "price": 62230.95,
        "qty": 3.2146,
        "cumulative": 47.20946
      },
      {
        "side": "sell",
        "layer": 155,
        "price": 62237.11,
        "qty": 1.47244,
        "cumulative": 51.896499999999996
      },
      {
        "side": "sell",
        "layer": 162,
        "price": 62238.42,
        "qty": 3.2146,
        "cumulative": 50.42406
      },
      {
        "side": "sell",
        "layer": 194,
        "price": 62243.96,
        "qty": 1.30963,
        "cumulative": 53.206129999999995
      },
      {
        "side": "sell",
        "layer": 195,
        "price": 62243.97,
        "qty": 4.0811,
        "cumulative": 43.99486
      },
      {
        "side": "sell",
        "layer": 240,
        "price": 62251.54,
        "qty": 3.2146,
        "cumulative": 69.7525
      },
      {
        "side": "sell",
        "layer": 281,
        "price": 62259.01,
        "qty": 3.2146,
        "cumulative": 72.9671
      },
      {
        "side": "sell",
        "layer": 399,
        "price": 62282.17,
        "qty": 4.82139,
        "cumulative": 58.027519999999996
      },
      {
        "side": "sell",
        "layer": 481,
        "price": 62298.63,
        "qty": 4.82011,
        "cumulative": 62.847629999999995
      },
      {
        "side": "sell",
        "layer": 495,
        "price": 62301.18,
        "qty": 3.69027,
        "cumulative": 66.5379
      },
      {
        "side": "sell",
        "layer": 596,
        "price": 62330.68,
        "qty": 4.81764,
        "cumulative": 84.37065
      },
      {
        "side": "sell",
        "layer": 626,
        "price": 62340.19,
        "qty": 4.8169,
        "cumulative": 89.18755
      },
      {
        "side": "sell",
        "layer": 654,
        "price": 62347.24,
        "qty": 4.81635,
        "cumulative": 94.0039
      },
      {
        "side": "sell",
        "layer": 749,
        "price": 62376.52,
        "qty": 6.58591,
        "cumulative": 79.55301
      },
      {
        "side": "sell",
        "layer": 760,
        "price": 62380.21,
        "qty": 4.81381,
        "cumulative": 98.81771
      }
    ]
  },
  "updatedAt": 1783339320506
}