{
  "symbol": "btcusdt",
  "timeframe": "1m",
  "candle": {
    "startTime": 1783337220000,
    "open": 62899.99,
    "high": 62899.99,
    "low": 62878,
    "close": 62878,
    "volume": 1035,
    "direction": "down",
    "volatility": 21.989999999997963,
    "totalVolume": 1035
  },
  "trades": {
    "count": 93842,
    "buyVolume": 222.09471999996254,
    "sellVolume": 212.21033999996027,
    "bigTrades": [
      {
        "price": 62859.14,
        "qty": 1.0194,
        "side": "sell",
        "value": 64078.607316,
        "time": 1783333103521
      },
      {
        "price": 62859.14,
        "qty": 0.98503,
        "side": "sell",
        "value": 61918.138674199996,
        "time": 1783333103792
      },
      {
        "price": 62856,
        "qty": 1.0194,
        "side": "buy",
        "value": 64075.40640000001,
        "time": 1783333143863
      },
      {
        "price": 62837.83,
        "qty": 1.01947,
        "side": "buy",
        "value": 64061.28255010001,
        "time": 1783333252137
      },
      {
        "price": 62876.57,
        "qty": 1.22566,
        "side": "buy",
        "value": 77065.2967862,
        "time": 1783333781160
      },
      {
        "price": 62876.57,
        "qty": 1.18937,
        "side": "buy",
        "value": 74783.5060609,
        "time": 1783333781161
      },
      {
        "price": 62883.53,
        "qty": 1.43429,
        "side": "buy",
        "value": 90193.2182437,
        "time": 1783333781194
      },
      {
        "price": 62883.54,
        "qty": 2.0898,
        "side": "buy",
        "value": 131414.021892,
        "time": 1783333781194
      },
      {
        "price": 62876,
        "qty": 0.96248,
        "side": "sell",
        "value": 60516.89248,
        "time": 1783333894957
      },
      {
        "price": 62882.02,
        "qty": 0.82074,
        "side": "buy",
        "value": 51609.7890948,
        "time": 1783333943400
      },
      {
        "price": 62979.04,
        "qty": 0.95754,
        "side": "sell",
        "value": 60304.949961599996,
        "time": 1783334049589
      },
      {
        "price": 62959.26,
        "qty": 0.80457,
        "side": "sell",
        "value": 50655.1318182,
        "time": 1783334302077
      },
      {
        "price": 62959.26,
        "qty": 1.8,
        "side": "sell",
        "value": 113326.668,
        "time": 1783334302077
      },
      {
        "price": 62959.26,
        "qty": 0.85232,
        "side": "sell",
        "value": 53661.4364832,
        "time": 1783334302078
      },
      {
        "price": 63025,
        "qty": 0.8507,
        "side": "sell",
        "value": 53615.3675,
        "time": 1783334389856
      },
      {
        "price": 63000,
        "qty": 1.01318,
        "side": "sell",
        "value": 63830.34,
        "time": 1783334434959
      },
      {
        "price": 62918.49,
        "qty": 1.0409,
        "side": "buy",
        "value": 65491.856240999994,
        "time": 1783334802646
      },
      {
        "price": 62894,
        "qty": 0.966,
        "side": "sell",
        "value": 60755.604,
        "time": 1783334929433
      },
      {
        "price": 62871.46,
        "qty": 4.21317,
        "side": "sell",
        "value": 264888.14912819996,
        "time": 1783334970246
      },
      {
        "price": 62827.8,
        "qty": 0.9888,
        "side": "buy",
        "value": 62124.12864,
        "time": 1783335003475
      },
      {
        "price": 62827.8,
        "qty": 3.18352,
        "side": "buy",
        "value": 200013.55785600003,
        "time": 1783335003477
      },
      {
        "price": 62833.43,
        "qty": 0.99935,
        "side": "buy",
        "value": 62792.5882705,
        "time": 1783335197280
      },
      {
        "price": 62840.01,
        "qty": 0.8167,
        "side": "buy",
        "value": 51321.436167,
        "time": 1783335224033
      },
      {
        "price": 62820,
        "qty": 3.18369,
        "side": "buy",
        "value": 199999.4058,
        "time": 1783335565420
      },
      {
        "price": 62871.03,
        "qty": 1.36622,
        "side": "sell",
        "value": 85895.6586066,
        "time": 1783335908214
      },
      {
        "price": 62870.71,
        "qty": 0.86668,
        "side": "sell",
        "value": 54488.7869428,
        "time": 1783335926908
      },
      {
        "price": 62870.71,
        "qty": 4.77182,
        "side": "sell",
        "value": 300007.71139219997,
        "time": 1783335928709
      },
      {
        "price": 62864.76,
        "qty": 0.91128,
        "side": "sell",
        "value": 57287.3984928,
        "time": 1783335983408
      },
      {
        "price": 62850.01,
        "qty": 0.84409,
        "side": "buy",
        "value": 53051.0649409,
        "time": 1783335991595
      },
      {
        "price": 62819.85,
        "qty": 0.87148,
        "side": "sell",
        "value": 54746.242878,
        "time": 1783336539602
      },
      {
        "price": 62819.85,
        "qty": 1.1893,
        "side": "sell",
        "value": 74711.647605,
        "time": 1783336539603
      },
      {
        "price": 62807.68,
        "qty": 0.83728,
        "side": "sell",
        "value": 52587.6143104,
        "time": 1783336572523
      },
      {
        "price": 62800,
        "qty": 1.13713,
        "side": "buy",
        "value": 71411.764,
        "time": 1783336689607
      },
      {
        "price": 62819.85,
        "qty": 1.18931,
        "side": "buy",
        "value": 74712.2758035,
        "time": 1783336751623
      },
      {
        "price": 62835.04,
        "qty": 1.20917,
        "side": "buy",
        "value": 75978.2453168,
        "time": 1783336781936
      },
      {
        "price": 62835.05,
        "qty": 3.18369,
        "side": "buy",
        "value": 200047.3203345,
        "time": 1783336781937
      },
      {
        "price": 62838.85,
        "qty": 1.29174,
        "side": "buy",
        "value": 81171.456099,
        "time": 1783336781941
      }
    ]
  },
  "depthImportant": {
    "buys": [
      {
        "side": "buy",
        "layer": 1,
        "price": 62878,
        "qty": 1.65044,
        "cumulative": 4.85553
      },
      {
        "side": "buy",
        "layer": 39,
        "price": 62872.97,
        "qty": 0.47679,
        "cumulative": 7.17743
      },
      {
        "side": "buy",
        "layer": 44,
        "price": 62872.23,
        "qty": 0.59703,
        "cumulative": 6.70064
      },
      {
        "side": "buy",
        "layer": 46,
        "price": 62872.2,
        "qty": 1.24808,
        "cumulative": 6.10361
      },
      {
        "side": "buy",
        "layer": 49,
        "price": 62872,
        "qty": 3.20509,
        "cumulative": 3.20509
      },
      {
        "side": "buy",
        "layer": 57,
        "price": 62870.25,
        "qty": 0.47671,
        "cumulative": 12.63301
      },
      {
        "side": "buy",
        "layer": 74,
        "price": 62868.65,
        "qty": 1.23242,
        "cumulative": 11.5909
      },
      {
        "side": "buy",
        "layer": 79,
        "price": 62867.65,
        "qty": 0.47671,
        "cumulative": 13.109720000000001
      },
      {
        "side": "buy",
        "layer": 80,
        "price": 62867.64,
        "qty": 3.18105,
        "cumulative": 10.35848
      },
      {
        "side": "buy",
        "layer": 97,
        "price": 62865.88,
        "qty": 0.5654,
        "cumulative": 12.1563
      },
      {
        "side": "buy",
        "layer": 130,
        "price": 62862.58,
        "qty": 1.30915,
        "cumulative": 22.09761
      },
      {
        "side": "buy",
        "layer": 131,
        "price": 62862.57,
        "qty": 3.17848,
        "cumulative": 19.46675
      },
      {
        "side": "buy",
        "layer": 174,
        "price": 62855.81,
        "qty": 0.57329,
        "cumulative": 22.6709
      },
      {
        "side": "buy",
        "layer": 176,
        "price": 62855.02,
        "qty": 1.32171,
        "cumulative": 20.78846
      },
      {
        "side": "buy",
        "layer": 177,
        "price": 62855.01,
        "qty": 3.17855,
        "cumulative": 16.28827
      },
      {
        "side": "buy",
        "layer": 284,
        "price": 62840.01,
        "qty": 3.18127,
        "cumulative": 38.401939999999996
      },
      {
        "side": "buy",
        "layer": 332,
        "price": 62832.06,
        "qty": 3.18121,
        "cumulative": 41.583149999999996
      },
      {
        "side": "buy",
        "layer": 442,
        "price": 62812.06,
        "qty": 3.99644,
        "cumulative": 31.44874
      },
      {
        "side": "buy",
        "layer": 478,
        "price": 62803.56,
        "qty": 4.7814,
        "cumulative": 27.4523
      },
      {
        "side": "buy",
        "layer": 488,
        "price": 62800.82,
        "qty": 3.77193,
        "cumulative": 35.22067
      },
      {
        "side": "buy",
        "layer": 683,
        "price": 62758.15,
        "qty": 4.78491,
        "cumulative": 67.31218
      },
      {
        "side": "buy",
        "layer": 780,
        "price": 62739.66,
        "qty": 4.78636,
        "cumulative": 62.527269999999994
      },
      {
        "side": "buy",
        "layer": 808,
        "price": 62734.35,
        "qty": 4.78668,
        "cumulative": 57.74090999999999
      },
      {
        "side": "buy",
        "layer": 836,
        "price": 62728.9,
        "qty": 6.58122,
        "cumulative": 48.16437
      },
      {
        "side": "buy",
        "layer": 989,
        "price": 62692.64,
        "qty": 4.78986,
        "cumulative": 52.954229999999995
      }
    ],
    "sells": [
      {
        "side": "sell",
        "layer": 1,
        "price": 62878.01,
        "qty": 2.72221,
        "cumulative": 2.72221
      },
      {
        "side": "sell",
        "layer": 6,
        "price": 62878.17,
        "qty": 0.09417,
        "cumulative": 3.7082400000000004
      },
      {
        "side": "sell",
        "layer": 26,
        "price": 62881.94,
        "qty": 0.26934,
        "cumulative": 3.4681200000000003
      },
      {
        "side": "sell",
        "layer": 41,
        "price": 62883.82,
        "qty": 0.14595,
        "cumulative": 3.6140700000000003
      },
      {
        "side": "sell",
        "layer": 43,
        "price": 62884.01,
        "qty": 0.47657,
        "cumulative": 3.19878
      },
      {
        "side": "sell",
        "layer": 53,
        "price": 62885.46,
        "qty": 0.47671,
        "cumulative": 6.82428
      },
      {
        "side": "sell",
        "layer": 71,
        "price": 62888.34,
        "qty": 0.4917,
        "cumulative": 6.34757
      },
      {
        "side": "sell",
        "layer": 77,
        "price": 62888.84,
        "qty": 0.57299,
        "cumulative": 5.85587
      },
      {
        "side": "sell",
        "layer": 93,
        "price": 62891.02,
        "qty": 0.79597,
        "cumulative": 4.5042100000000005
      },
      {
        "side": "sell",
        "layer": 96,
        "price": 62891.09,
        "qty": 0.77867,
        "cumulative": 5.2828800000000005
      },
      {
        "side": "sell",
        "layer": 141,
        "price": 62897.66,
        "qty": 1.73778,
        "cumulative": 20.392490000000002
      },
      {
        "side": "sell",
        "layer": 142,
        "price": 62897.67,
        "qty": 3.18076,
        "cumulative": 10.00504
      },
      {
        "side": "sell",
        "layer": 168,
        "price": 62901.88,
        "qty": 3.17985,
        "cumulative": 16.36482
      },
      {
        "side": "sell",
        "layer": 182,
        "price": 62903.97,
        "qty": 2.28989,
        "cumulative": 18.65471
      },
      {
        "side": "sell",
        "layer": 194,
        "price": 62905.86,
        "qty": 3.17993,
        "cumulative": 13.18497
      },
      {
        "side": "sell",
        "layer": 285,
        "price": 62921.4,
        "qty": 3.65676,
        "cumulative": 35.97598
      },
      {
        "side": "sell",
        "layer": 338,
        "price": 62929.52,
        "qty": 4.13296,
        "cumulative": 24.525450000000003
      },
      {
        "side": "sell",
        "layer": 410,
        "price": 62941.84,
        "qty": 3.18076,
        "cumulative": 39.15674
      },
      {
        "side": "sell",
        "layer": 425,
        "price": 62945.15,
        "qty": 4.03084,
        "cumulative": 28.556290000000004
      },
      {
        "side": "sell",
        "layer": 452,
        "price": 62951.01,
        "qty": 3.76293,
        "cumulative": 32.31922
      },
      {
        "side": "sell",
        "layer": 593,
        "price": 62979.41,
        "qty": 4.76805,
        "cumulative": 50.3329
      },
      {
        "side": "sell",
        "layer": 673,
        "price": 62999.33,
        "qty": 4.76654,
        "cumulative": 55.09944
      },
      {
        "side": "sell",
        "layer": 697,
        "price": 63005.43,
        "qty": 4.76608,
        "cumulative": 59.865520000000004
      },
      {
        "side": "sell",
        "layer": 700,
        "price": 63005.57,
        "qty": 4.76607,
        "cumulative": 64.63159
      },
      {
        "side": "sell",
        "layer": 846,
        "price": 63035.17,
        "qty": 6.40811,
        "cumulative": 45.56485
      }
    ]
  },
  "updatedAt": 1783337280576
}