{
  "symbol": "btcusdt",
  "timeframe": "1m",
  "candle": {
    "startTime": 1783340760000,
    "open": 62044,
    "high": 62065.83,
    "low": 61984.65,
    "close": 62029.99,
    "volume": 5239,
    "direction": "down",
    "volatility": 81.18000000000029,
    "totalVolume": 5239
  },
  "trades": {
    "count": 26477,
    "buyVolume": 94.5131000000012,
    "sellVolume": 58.94615000000105,
    "bigTrades": [
      {
        "price": 61955.81,
        "qty": 1.5,
        "side": "buy",
        "value": 92933.715,
        "time": 1783340630964
      },
      {
        "price": 61972.82,
        "qty": 1.12363,
        "side": "buy",
        "value": 69634.51973659999,
        "time": 1783340681184
      },
      {
        "price": 61972.94,
        "qty": 0.88187,
        "side": "buy",
        "value": 54652.076597800005,
        "time": 1783340688288
      },
      {
        "price": 62007.99,
        "qty": 0.8497,
        "side": "buy",
        "value": 52688.189103,
        "time": 1783340696729
      },
      {
        "price": 62050,
        "qty": 1.42897,
        "side": "sell",
        "value": 88667.5885,
        "time": 1783340717760
      },
      {
        "price": 62050,
        "qty": 0.97065,
        "side": "sell",
        "value": 60228.832500000004,
        "time": 1783340717760
      },
      {
        "price": 62043.99,
        "qty": 2.74076,
        "side": "sell",
        "value": 170047.68603239997,
        "time": 1783340759048
      },
      {
        "price": 62050,
        "qty": 0.94044,
        "side": "buy",
        "value": 58354.302,
        "time": 1783340763371
      },
      {
        "price": 62050,
        "qty": 0.83194,
        "side": "buy",
        "value": 51621.877,
        "time": 1783340763378
      },
      {
        "price": 62050,
        "qty": 1.90301,
        "side": "buy",
        "value": 118081.7705,
        "time": 1783340763524
      },
      {
        "price": 62038.35,
        "qty": 0.92188,
        "side": "buy",
        "value": 57191.914098,
        "time": 1783340782896
      },
      {
        "price": 62044.99,
        "qty": 0.96915,
        "side": "buy",
        "value": 60130.902058499996,
        "time": 1783340782900
      },
      {
        "price": 62047.42,
        "qty": 1.31619,
        "side": "buy",
        "value": 81666.1937298,
        "time": 1783340782903
      },
      {
        "price": 62047.43,
        "qty": 2.22292,
        "side": "buy",
        "value": 137926.4730956,
        "time": 1783340782904
      },
      {
        "price": 62021.75,
        "qty": 0.99919,
        "side": "sell",
        "value": 61971.512382500005,
        "time": 1783340790172
      },
      {
        "price": 61998.01,
        "qty": 1.33445,
        "side": "buy",
        "value": 82733.2444445,
        "time": 1783340798087
      },
      {
        "price": 61998.01,
        "qty": 1.10453,
        "side": "buy",
        "value": 68478.6619853,
        "time": 1783340798088
      }
    ]
  },
  "depthImportant": {
    "buys": [
      {
        "side": "buy",
        "layer": 1,
        "price": 62029.99,
        "qty": 3.35124,
        "cumulative": 3.35124
      },
      {
        "side": "buy",
        "layer": 15,
        "price": 62027.65,
        "qty": 0.16853,
        "cumulative": 4.775569999999999
      },
      {
        "side": "buy",
        "layer": 16,
        "price": 62027.64,
        "qty": 0.53272,
        "cumulative": 3.88396
      },
      {
        "side": "buy",
        "layer": 33,
        "price": 62023.29,
        "qty": 0.225,
        "cumulative": 4.60704
      },
      {
        "side": "buy",
        "layer": 41,
        "price": 62021.79,
        "qty": 0.49808,
        "cumulative": 4.38204
      },
      {
        "side": "buy",
        "layer": 78,
        "price": 62016.42,
        "qty": 0.225,
        "cumulative": 11.23904
      },
      {
        "side": "buy",
        "layer": 85,
        "price": 62015.14,
        "qty": 1.56753,
        "cumulative": 9.568689999999998
      },
      {
        "side": "buy",
        "layer": 97,
        "price": 62012.8,
        "qty": 0.4762,
        "cumulative": 11.01404
      },
      {
        "side": "buy",
        "layer": 98,
        "price": 62012.79,
        "qty": 3.22559,
        "cumulative": 8.001159999999999
      },
      {
        "side": "buy",
        "layer": 100,
        "price": 62012.44,
        "qty": 0.96915,
        "cumulative": 10.53784
      },
      {
        "side": "buy",
        "layer": 135,
        "price": 62005.23,
        "qty": 1.20268,
        "cumulative": 17.188319999999997
      },
      {
        "side": "buy",
        "layer": 147,
        "price": 62003.62,
        "qty": 1.59825,
        "cumulative": 14.435699999999999
      },
      {
        "side": "buy",
        "layer": 160,
        "price": 62001.58,
        "qty": 1.54994,
        "cumulative": 15.985639999999998
      },
      {
        "side": "buy",
        "layer": 178,
        "price": 61997.35,
        "qty": 1.59841,
        "cumulative": 12.837449999999999
      },
      {
        "side": "buy",
        "layer": 198,
        "price": 61994.98,
        "qty": 1.12307,
        "cumulative": 18.311389999999996
      },
      {
        "side": "buy",
        "layer": 212,
        "price": 61993.01,
        "qty": 3.22559,
        "cumulative": 38.173939999999995
      },
      {
        "side": "buy",
        "layer": 367,
        "price": 61963.96,
        "qty": 3.46739,
        "cumulative": 34.94835
      },
      {
        "side": "buy",
        "layer": 368,
        "price": 61963.89,
        "qty": 4.8463,
        "cumulative": 28.005939999999995
      },
      {
        "side": "buy",
        "layer": 409,
        "price": 61955.68,
        "qty": 3.47502,
        "cumulative": 31.480959999999996
      },
      {
        "side": "buy",
        "layer": 474,
        "price": 61938.84,
        "qty": 4.84825,
        "cumulative": 23.159639999999996
      },
      {
        "side": "buy",
        "layer": 788,
        "price": 61826.81,
        "qty": 5.75227,
        "cumulative": 43.92621
      },
      {
        "side": "buy",
        "layer": 822,
        "price": 61800.29,
        "qty": 4.85912,
        "cumulative": 64.22276000000001
      },
      {
        "side": "buy",
        "layer": 824,
        "price": 61800,
        "qty": 4.89359,
        "cumulative": 54.50376
      },
      {
        "side": "buy",
        "layer": 832,
        "price": 61790.63,
        "qty": 4.85988,
        "cumulative": 59.363640000000004
      },
      {
        "side": "buy",
        "layer": 976,
        "price": 61600,
        "qty": 5.68396,
        "cumulative": 49.61017
      }
    ],
    "sells": [
      {
        "side": "sell",
        "layer": 1,
        "price": 62030,
        "qty": 2.09711,
        "cumulative": 5.32146
      },
      {
        "side": "sell",
        "layer": 18,
        "price": 62035.26,
        "qty": 0.96942,
        "cumulative": 8.33871
      },
      {
        "side": "sell",
        "layer": 34,
        "price": 62037.99,
        "qty": 1.06901,
        "cumulative": 6.3904700000000005
      },
      {
        "side": "sell",
        "layer": 43,
        "price": 62039.55,
        "qty": 3.22435,
        "cumulative": 3.22435
      },
      {
        "side": "sell",
        "layer": 50,
        "price": 62040.52,
        "qty": 0.97882,
        "cumulative": 7.36929
      },
      {
        "side": "sell",
        "layer": 51,
        "price": 62040.53,
        "qty": 0.9802,
        "cumulative": 16.98733
      },
      {
        "side": "sell",
        "layer": 64,
        "price": 62043.35,
        "qty": 3.23402,
        "cumulative": 14.822320000000001
      },
      {
        "side": "sell",
        "layer": 69,
        "price": 62043.57,
        "qty": 0.96915,
        "cumulative": 17.95648
      },
      {
        "side": "sell",
        "layer": 90,
        "price": 62046.65,
        "qty": 1.18481,
        "cumulative": 16.00713
      },
      {
        "side": "sell",
        "layer": 100,
        "price": 62048,
        "qty": 3.24959,
        "cumulative": 11.5883
      },
      {
        "side": "sell",
        "layer": 127,
        "price": 62052.94,
        "qty": 1.30538,
        "cumulative": 27.18672
      },
      {
        "side": "sell",
        "layer": 136,
        "price": 62054.11,
        "qty": 3.22559,
        "cumulative": 21.18207
      },
      {
        "side": "sell",
        "layer": 164,
        "price": 62059.64,
        "qty": 1.29991,
        "cumulative": 28.48663
      },
      {
        "side": "sell",
        "layer": 170,
        "price": 62060.62,
        "qty": 3.22559,
        "cumulative": 24.40766
      },
      {
        "side": "sell",
        "layer": 199,
        "price": 62065.39,
        "qty": 1.47368,
        "cumulative": 25.88134
      },
      {
        "side": "sell",
        "layer": 393,
        "price": 62103.11,
        "qty": 4.67094,
        "cumulative": 37.99269
      },
      {
        "side": "sell",
        "layer": 402,
        "price": 62106.58,
        "qty": 4.83512,
        "cumulative": 33.32175
      },
      {
        "side": "sell",
        "layer": 423,
        "price": 62111.55,
        "qty": 3.4663,
        "cumulative": 49.93039
      },
      {
        "side": "sell",
        "layer": 442,
        "price": 62115.02,
        "qty": 3.80046,
        "cumulative": 46.464090000000006
      },
      {
        "side": "sell",
        "layer": 480,
        "price": 62125.41,
        "qty": 4.67094,
        "cumulative": 42.663630000000005
      },
      {
        "side": "sell",
        "layer": 512,
        "price": 62134.63,
        "qty": 6.37355,
        "cumulative": 89.48626
      },
      {
        "side": "sell",
        "layer": 522,
        "price": 62139.1,
        "qty": 4.83263,
        "cumulative": 94.31889
      },
      {
        "side": "sell",
        "layer": 525,
        "price": 62140.28,
        "qty": 4.83254,
        "cumulative": 99.15142999999999
      },
      {
        "side": "sell",
        "layer": 982,
        "price": 63500,
        "qty": 25.98979,
        "cumulative": 75.92018
      },
      {
        "side": "sell",
        "layer": 1000,
        "price": 63800,
        "qty": 7.19253,
        "cumulative": 83.11271
      }
    ]
  },
  "updatedAt": 1783340820163
}