{
  "symbol": "btcusdt",
  "timeframe": "1m",
  "candle": {
    "startTime": 1783335120000,
    "open": 62863.37,
    "high": 62871.87,
    "low": 62858,
    "close": 62858,
    "volume": 1111,
    "direction": "down",
    "volatility": 13.87000000000262,
    "totalVolume": 1111
  },
  "trades": {
    "count": 54418,
    "buyVolume": 115.1106999999814,
    "sellVolume": 144.31241999998008,
    "bigTrades": [
      {
        "price": 62859.14,
        "qty": 1.0194,
        "side": "sell",
        "value": 64078.607316,
        "time": 1783333103521
      },
      {
        "price": 62859.14,
        "qty": 0.98503,
        "side": "sell",
        "value": 61918.138674199996,
        "time": 1783333103792
      },
      {
        "price": 62856,
        "qty": 1.0194,
        "side": "buy",
        "value": 64075.40640000001,
        "time": 1783333143863
      },
      {
        "price": 62837.83,
        "qty": 1.01947,
        "side": "buy",
        "value": 64061.28255010001,
        "time": 1783333252137
      },
      {
        "price": 62876.57,
        "qty": 1.22566,
        "side": "buy",
        "value": 77065.2967862,
        "time": 1783333781160
      },
      {
        "price": 62876.57,
        "qty": 1.18937,
        "side": "buy",
        "value": 74783.5060609,
        "time": 1783333781161
      },
      {
        "price": 62883.53,
        "qty": 1.43429,
        "side": "buy",
        "value": 90193.2182437,
        "time": 1783333781194
      },
      {
        "price": 62883.54,
        "qty": 2.0898,
        "side": "buy",
        "value": 131414.021892,
        "time": 1783333781194
      },
      {
        "price": 62876,
        "qty": 0.96248,
        "side": "sell",
        "value": 60516.89248,
        "time": 1783333894957
      },
      {
        "price": 62882.02,
        "qty": 0.82074,
        "side": "buy",
        "value": 51609.7890948,
        "time": 1783333943400
      },
      {
        "price": 62979.04,
        "qty": 0.95754,
        "side": "sell",
        "value": 60304.949961599996,
        "time": 1783334049589
      },
      {
        "price": 62959.26,
        "qty": 0.80457,
        "side": "sell",
        "value": 50655.1318182,
        "time": 1783334302077
      },
      {
        "price": 62959.26,
        "qty": 1.8,
        "side": "sell",
        "value": 113326.668,
        "time": 1783334302077
      },
      {
        "price": 62959.26,
        "qty": 0.85232,
        "side": "sell",
        "value": 53661.4364832,
        "time": 1783334302078
      },
      {
        "price": 63025,
        "qty": 0.8507,
        "side": "sell",
        "value": 53615.3675,
        "time": 1783334389856
      },
      {
        "price": 63000,
        "qty": 1.01318,
        "side": "sell",
        "value": 63830.34,
        "time": 1783334434959
      },
      {
        "price": 62918.49,
        "qty": 1.0409,
        "side": "buy",
        "value": 65491.856240999994,
        "time": 1783334802646
      },
      {
        "price": 62894,
        "qty": 0.966,
        "side": "sell",
        "value": 60755.604,
        "time": 1783334929433
      },
      {
        "price": 62871.46,
        "qty": 4.21317,
        "side": "sell",
        "value": 264888.14912819996,
        "time": 1783334970246
      },
      {
        "price": 62827.8,
        "qty": 0.9888,
        "side": "buy",
        "value": 62124.12864,
        "time": 1783335003475
      },
      {
        "price": 62827.8,
        "qty": 3.18352,
        "side": "buy",
        "value": 200013.55785600003,
        "time": 1783335003477
      }
    ]
  },
  "depthImportant": {
    "buys": [
      {
        "side": "buy",
        "layer": 13,
        "price": 62855.11,
        "qty": 0.04856,
        "cumulative": 0.5142100000000001
      },
      {
        "side": "buy",
        "layer": 34,
        "price": 62851.51,
        "qty": 0.09633,
        "cumulative": 0.37114
      },
      {
        "side": "buy",
        "layer": 44,
        "price": 62849.6,
        "qty": 0.09708,
        "cumulative": 0.27481
      },
      {
        "side": "buy",
        "layer": 49,
        "price": 62848.92,
        "qty": 0.09451,
        "cumulative": 0.46565
      },
      {
        "side": "buy",
        "layer": 50,
        "price": 62848.91,
        "qty": 0.17773,
        "cumulative": 0.17773
      },
      {
        "side": "buy",
        "layer": 57,
        "price": 62848.2,
        "qty": 0.09709,
        "cumulative": 0.98819
      },
      {
        "side": "buy",
        "layer": 62,
        "price": 62847.69,
        "qty": 0.225,
        "cumulative": 0.73921
      },
      {
        "side": "buy",
        "layer": 68,
        "price": 62846.8,
        "qty": 0.09709,
        "cumulative": 1.08528
      },
      {
        "side": "buy",
        "layer": 69,
        "price": 62846.76,
        "qty": 0.15189,
        "cumulative": 0.8911
      },
      {
        "side": "buy",
        "layer": 73,
        "price": 62846.1,
        "qty": 0.09709,
        "cumulative": 1.18237
      },
      {
        "side": "buy",
        "layer": 126,
        "price": 62840.56,
        "qty": 1.34844,
        "cumulative": 10.89001
      },
      {
        "side": "buy",
        "layer": 136,
        "price": 62839.7,
        "qty": 3.18167,
        "cumulative": 8.02242
      },
      {
        "side": "buy",
        "layer": 163,
        "price": 62834.27,
        "qty": 1.51915,
        "cumulative": 9.54157
      },
      {
        "side": "buy",
        "layer": 164,
        "price": 62834.26,
        "qty": 3.65838,
        "cumulative": 4.84075
      },
      {
        "side": "buy",
        "layer": 192,
        "price": 62830.18,
        "qty": 1.10797,
        "cumulative": 11.99798
      },
      {
        "side": "buy",
        "layer": 207,
        "price": 62828.21,
        "qty": 3.65852,
        "cumulative": 19.68053
      },
      {
        "side": "buy",
        "layer": 240,
        "price": 62822.32,
        "qty": 3.18218,
        "cumulative": 22.86271
      },
      {
        "side": "buy",
        "layer": 309,
        "price": 62813.15,
        "qty": 3.18107,
        "cumulative": 29.225450000000002
      },
      {
        "side": "buy",
        "layer": 420,
        "price": 62797.55,
        "qty": 3.18167,
        "cumulative": 26.04438
      },
      {
        "side": "buy",
        "layer": 436,
        "price": 62794.28,
        "qty": 4.02403,
        "cumulative": 16.02201
      },
      {
        "side": "buy",
        "layer": 521,
        "price": 62777.55,
        "qty": 4.78358,
        "cumulative": 53.16133000000001
      },
      {
        "side": "buy",
        "layer": 683,
        "price": 62747.7,
        "qty": 4.78585,
        "cumulative": 48.377750000000006
      },
      {
        "side": "buy",
        "layer": 797,
        "price": 62724.72,
        "qty": 4.78761,
        "cumulative": 43.5919
      },
      {
        "side": "buy",
        "layer": 889,
        "price": 62705.01,
        "qty": 4.78911,
        "cumulative": 38.80429
      },
      {
        "side": "buy",
        "layer": 922,
        "price": 62696.92,
        "qty": 4.78973,
        "cumulative": 34.01518
      }
    ],
    "sells": [
      {
        "side": "sell",
        "layer": 1,
        "price": 62858.01,
        "qty": 8.90358,
        "cumulative": 8.90358
      },
      {
        "side": "sell",
        "layer": 8,
        "price": 62859.97,
        "qty": 0.85151,
        "cumulative": 18.104910000000004
      },
      {
        "side": "sell",
        "layer": 10,
        "price": 62860,
        "qty": 3.82388,
        "cumulative": 12.72746
      },
      {
        "side": "sell",
        "layer": 32,
        "price": 62863.37,
        "qty": 1.34427,
        "cumulative": 17.253400000000003
      },
      {
        "side": "sell",
        "layer": 50,
        "price": 62865.76,
        "qty": 3.18167,
        "cumulative": 15.909130000000001
      },
      {
        "side": "sell",
        "layer": 76,
        "price": 62868.45,
        "qty": 0.79629,
        "cumulative": 25.404780000000002
      },
      {
        "side": "sell",
        "layer": 82,
        "price": 62869.52,
        "qty": 1.71915,
        "cumulative": 23.00521
      },
      {
        "side": "sell",
        "layer": 83,
        "price": 62869.54,
        "qty": 3.18115,
        "cumulative": 21.286060000000003
      },
      {
        "side": "sell",
        "layer": 96,
        "price": 62871.11,
        "qty": 0.57317,
        "cumulative": 25.977950000000003
      },
      {
        "side": "sell",
        "layer": 99,
        "price": 62871.46,
        "qty": 1.60328,
        "cumulative": 24.608490000000003
      },
      {
        "side": "sell",
        "layer": 129,
        "price": 62875.35,
        "qty": 3.18107,
        "cumulative": 35.52584
      },
      {
        "side": "sell",
        "layer": 161,
        "price": 62879.46,
        "qty": 3.18352,
        "cumulative": 29.161470000000005
      },
      {
        "side": "sell",
        "layer": 181,
        "price": 62882.61,
        "qty": 1.63571,
        "cumulative": 37.161550000000005
      },
      {
        "side": "sell",
        "layer": 185,
        "price": 62883.28,
        "qty": 1.57592,
        "cumulative": 38.73747
      },
      {
        "side": "sell",
        "layer": 189,
        "price": 62883.74,
        "qty": 3.1833,
        "cumulative": 32.344770000000004
      },
      {
        "side": "sell",
        "layer": 241,
        "price": 62891.28,
        "qty": 3.18329,
        "cumulative": 59.21793
      },
      {
        "side": "sell",
        "layer": 344,
        "price": 62909.17,
        "qty": 3.76543,
        "cumulative": 56.03464
      },
      {
        "side": "sell",
        "layer": 374,
        "price": 62915.57,
        "qty": 3.98858,
        "cumulative": 52.26921
      },
      {
        "side": "sell",
        "layer": 440,
        "price": 62928.56,
        "qty": 4.77208,
        "cumulative": 43.509550000000004
      },
      {
        "side": "sell",
        "layer": 496,
        "price": 62941.98,
        "qty": 4.77108,
        "cumulative": 48.28063
      },
      {
        "side": "sell",
        "layer": 543,
        "price": 62953.19,
        "qty": 4.77023,
        "cumulative": 63.98816
      },
      {
        "side": "sell",
        "layer": 606,
        "price": 62968.24,
        "qty": 4.76909,
        "cumulative": 68.75725
      },
      {
        "side": "sell",
        "layer": 652,
        "price": 62980.44,
        "qty": 4.76813,
        "cumulative": 73.52538
      },
      {
        "side": "sell",
        "layer": 792,
        "price": 63015.98,
        "qty": 3.98959,
        "cumulative": 77.51497
      },
      {
        "side": "sell",
        "layer": 937,
        "price": 63049.76,
        "qty": 3.72733,
        "cumulative": 81.2423
      }
    ]
  },
  "updatedAt": 1783335181819
}