{
  "symbol": "btcusdt",
  "timeframe": "1m",
  "candle": {
    "startTime": 1783322820000,
    "open": 63029.99,
    "high": 63029.99,
    "low": 63017.79,
    "close": 63017.8,
    "volume": 699,
    "direction": "down",
    "volatility": 12.19999999999709,
    "totalVolume": 699
  },
  "trades": {
    "count": 14016,
    "buyVolume": 76.21260999999647,
    "sellVolume": 28.767100000001005,
    "bigTrades": [
      {
        "price": 62971.93,
        "qty": 0.9125,
        "side": "buy",
        "value": 57461.886125,
        "time": 1783322265457
      },
      {
        "price": 62975,
        "qty": 5.9431,
        "side": "sell",
        "value": 374266.72250000003,
        "time": 1783322323640
      },
      {
        "price": 62988,
        "qty": 0.80412,
        "side": "sell",
        "value": 50649.91056,
        "time": 1783322413832
      },
      {
        "price": 62986.01,
        "qty": 0.91429,
        "side": "buy",
        "value": 57587.479082900005,
        "time": 1783322417397
      },
      {
        "price": 62986.01,
        "qty": 0.80276,
        "side": "buy",
        "value": 50562.6493876,
        "time": 1783322417397
      },
      {
        "price": 62986.01,
        "qty": 1.90325,
        "side": "buy",
        "value": 119878.12353250002,
        "time": 1783322417397
      },
      {
        "price": 62986.11,
        "qty": 0.8797,
        "side": "buy",
        "value": 55408.880967000005,
        "time": 1783322448705
      },
      {
        "price": 62986.11,
        "qty": 1.10554,
        "side": "buy",
        "value": 69633.6640494,
        "time": 1783322448707
      },
      {
        "price": 62976.01,
        "qty": 0.85195,
        "side": "buy",
        "value": 53652.4117195,
        "time": 1783322478452
      },
      {
        "price": 62990.01,
        "qty": 1.00001,
        "side": "buy",
        "value": 62990.6399001,
        "time": 1783322483495
      },
      {
        "price": 63000,
        "qty": 0.87275,
        "side": "buy",
        "value": 54983.25,
        "time": 1783322495077
      },
      {
        "price": 63022.15,
        "qty": 1.10502,
        "side": "buy",
        "value": 69640.73619299999,
        "time": 1783322541954
      },
      {
        "price": 63000.16,
        "qty": 0.802,
        "side": "buy",
        "value": 50526.12832,
        "time": 1783322658223
      },
      {
        "price": 63008.26,
        "qty": 1.32317,
        "side": "buy",
        "value": 83370.6393842,
        "time": 1783322791704
      },
      {
        "price": 63008.26,
        "qty": 1.90325,
        "side": "buy",
        "value": 119920.470845,
        "time": 1783322791705
      },
      {
        "price": 63008.26,
        "qty": 0.97545,
        "side": "buy",
        "value": 61461.40721700001,
        "time": 1783322791705
      },
      {
        "price": 63008.26,
        "qty": 1.0194,
        "side": "buy",
        "value": 64230.620244000005,
        "time": 1783322798044
      },
      {
        "price": 63009.95,
        "qty": 1.1626,
        "side": "buy",
        "value": 73255.36787,
        "time": 1783322798047
      },
      {
        "price": 63009.96,
        "qty": 1.90325,
        "side": "buy",
        "value": 119923.70637,
        "time": 1783322798047
      },
      {
        "price": 63026.48,
        "qty": 1.90325,
        "side": "buy",
        "value": 119955.14806,
        "time": 1783322853345
      },
      {
        "price": 63026.48,
        "qty": 1.06733,
        "side": "sell",
        "value": 67270.0528984,
        "time": 1783322865565
      }
    ]
  },
  "depthImportant": {
    "buys": [
      {
        "side": "buy",
        "layer": 1,
        "price": 63017.79,
        "qty": 1.12281,
        "cumulative": 1.12281
      },
      {
        "side": "buy",
        "layer": 21,
        "price": 63014.82,
        "qty": 0.23441,
        "cumulative": 1.35722
      },
      {
        "side": "buy",
        "layer": 38,
        "price": 63011.49,
        "qty": 0.13005,
        "cumulative": 1.7122700000000002
      },
      {
        "side": "buy",
        "layer": 39,
        "price": 63011.48,
        "qty": 0.225,
        "cumulative": 1.5822200000000002
      },
      {
        "side": "buy",
        "layer": 47,
        "price": 63010.19,
        "qty": 0.1298,
        "cumulative": 1.84207
      },
      {
        "side": "buy",
        "layer": 53,
        "price": 63009.96,
        "qty": 1.81293,
        "cumulative": 6.654999999999999
      },
      {
        "side": "buy",
        "layer": 66,
        "price": 63008.82,
        "qty": 0.54833,
        "cumulative": 7.203329999999999
      },
      {
        "side": "buy",
        "layer": 68,
        "price": 63008.6,
        "qty": 3,
        "cumulative": 4.84207
      },
      {
        "side": "buy",
        "layer": 94,
        "price": 63005.69,
        "qty": 0.27404,
        "cumulative": 7.47737
      },
      {
        "side": "buy",
        "layer": 95,
        "price": 63005.67,
        "qty": 0.09525,
        "cumulative": 7.57262
      },
      {
        "side": "buy",
        "layer": 129,
        "price": 63002.49,
        "qty": 0.80969,
        "cumulative": 14.3504
      },
      {
        "side": "buy",
        "layer": 144,
        "price": 63000.74,
        "qty": 1.90325,
        "cumulative": 9.47587
      },
      {
        "side": "buy",
        "layer": 168,
        "price": 62996.57,
        "qty": 0.88608,
        "cumulative": 13.54071
      },
      {
        "side": "buy",
        "layer": 171,
        "price": 62996.21,
        "qty": 1.90325,
        "cumulative": 11.37912
      },
      {
        "side": "buy",
        "layer": 194,
        "price": 62993.65,
        "qty": 1.27551,
        "cumulative": 12.654630000000001
      },
      {
        "side": "buy",
        "layer": 332,
        "price": 62972.73,
        "qty": 2.33947,
        "cumulative": 37.02993
      },
      {
        "side": "buy",
        "layer": 336,
        "price": 62971.99,
        "qty": 7.56153,
        "cumulative": 21.91193
      },
      {
        "side": "buy",
        "layer": 417,
        "price": 62958.59,
        "qty": 3.76248,
        "cumulative": 32.21963
      },
      {
        "side": "buy",
        "layer": 450,
        "price": 62952.06,
        "qty": 2.47083,
        "cumulative": 34.69046
      },
      {
        "side": "buy",
        "layer": 452,
        "price": 62952.04,
        "qty": 6.54522,
        "cumulative": 28.457150000000002
      },
      {
        "side": "buy",
        "layer": 939,
        "price": 62000,
        "qty": 24.21786,
        "cumulative": 815.3635400000001
      },
      {
        "side": "buy",
        "layer": 956,
        "price": 61500,
        "qty": 38.54699,
        "cumulative": 757.07518
      },
      {
        "side": "buy",
        "layer": 966,
        "price": 61000,
        "qty": 34.0705,
        "cumulative": 791.1456800000001
      },
      {
        "side": "buy",
        "layer": 981,
        "price": 60000,
        "qty": 619.23829,
        "cumulative": 656.26822
      },
      {
        "side": "buy",
        "layer": 996,
        "price": 59000,
        "qty": 62.25997,
        "cumulative": 718.52819
      }
    ],
    "sells": [
      {
        "side": "sell",
        "layer": 1,
        "price": 63017.8,
        "qty": 4.53218,
        "cumulative": 4.53218
      },
      {
        "side": "sell",
        "layer": 8,
        "price": 63019.4,
        "qty": 0.66649,
        "cumulative": 5.9703599999999994
      },
      {
        "side": "sell",
        "layer": 11,
        "price": 63019.43,
        "qty": 0.77169,
        "cumulative": 5.30387
      },
      {
        "side": "sell",
        "layer": 18,
        "price": 63020,
        "qty": 0.50055,
        "cumulative": 7.10993
      },
      {
        "side": "sell",
        "layer": 40,
        "price": 63024,
        "qty": 0.63902,
        "cumulative": 6.60938
      },
      {
        "side": "sell",
        "layer": 51,
        "price": 63025.32,
        "qty": 0.99906,
        "cumulative": 10.01224
      },
      {
        "side": "sell",
        "layer": 65,
        "price": 63026.48,
        "qty": 1.90325,
        "cumulative": 9.01318
      },
      {
        "side": "sell",
        "layer": 74,
        "price": 63027.41,
        "qty": 0.4762,
        "cumulative": 11.93547
      },
      {
        "side": "sell",
        "layer": 80,
        "price": 63028.44,
        "qty": 0.65277,
        "cumulative": 11.45927
      },
      {
        "side": "sell",
        "layer": 81,
        "price": 63028.45,
        "qty": 0.79426,
        "cumulative": 10.8065
      },
      {
        "side": "sell",
        "layer": 109,
        "price": 63031.95,
        "qty": 1.90325,
        "cumulative": 13.83872
      },
      {
        "side": "sell",
        "layer": 136,
        "price": 63036.28,
        "qty": 1.90325,
        "cumulative": 15.74197
      },
      {
        "side": "sell",
        "layer": 148,
        "price": 63038.14,
        "qty": 1.10504,
        "cumulative": 18.75026
      },
      {
        "side": "sell",
        "layer": 175,
        "price": 63041.25,
        "qty": 1.02409,
        "cumulative": 19.774350000000002
      },
      {
        "side": "sell",
        "layer": 176,
        "price": 63041.26,
        "qty": 1.90325,
        "cumulative": 17.645220000000002
      },
      {
        "side": "sell",
        "layer": 207,
        "price": 63046.66,
        "qty": 2.37945,
        "cumulative": 39.1623
      },
      {
        "side": "sell",
        "layer": 382,
        "price": 63084.45,
        "qty": 3.7385,
        "cumulative": 36.78285
      },
      {
        "side": "sell",
        "layer": 436,
        "price": 63101.85,
        "qty": 3.75394,
        "cumulative": 33.04435
      },
      {
        "side": "sell",
        "layer": 453,
        "price": 63108.98,
        "qty": 4.75856,
        "cumulative": 24.53291
      },
      {
        "side": "sell",
        "layer": 496,
        "price": 63122.98,
        "qty": 4.7575,
        "cumulative": 29.29041
      },
      {
        "side": "sell",
        "layer": 794,
        "price": 65000,
        "qty": 71.56969,
        "cumulative": 478.19852000000003
      },
      {
        "side": "sell",
        "layer": 807,
        "price": 67000,
        "qty": 89.25454,
        "cumulative": 318.21662000000003
      },
      {
        "side": "sell",
        "layer": 811,
        "price": 68000,
        "qty": 97.32828,
        "cumulative": 136.49058000000002
      },
      {
        "side": "sell",
        "layer": 819,
        "price": 70000,
        "qty": 92.4715,
        "cumulative": 228.96208000000001
      },
      {
        "side": "sell",
        "layer": 826,
        "price": 100000,
        "qty": 88.41221,
        "cumulative": 406.62883000000005
      }
    ]
  },
  "updatedAt": 1783322881484
}