{
  "symbol": "btcusdt",
  "timeframe": "1m",
  "candle": {
    "startTime": 1783334700000,
    "open": 62921.67,
    "high": 62925.08,
    "low": 62909.91,
    "close": 62925.08,
    "volume": 1064,
    "direction": "up",
    "volatility": 15.169999999998254,
    "totalVolume": 1064
  },
  "trades": {
    "count": 44554,
    "buyVolume": 91.7043499999863,
    "sellVolume": 118.19101999998628,
    "bigTrades": [
      {
        "price": 62859.14,
        "qty": 1.0194,
        "side": "sell",
        "value": 64078.607316,
        "time": 1783333103521
      },
      {
        "price": 62859.14,
        "qty": 0.98503,
        "side": "sell",
        "value": 61918.138674199996,
        "time": 1783333103792
      },
      {
        "price": 62856,
        "qty": 1.0194,
        "side": "buy",
        "value": 64075.40640000001,
        "time": 1783333143863
      },
      {
        "price": 62837.83,
        "qty": 1.01947,
        "side": "buy",
        "value": 64061.28255010001,
        "time": 1783333252137
      },
      {
        "price": 62876.57,
        "qty": 1.22566,
        "side": "buy",
        "value": 77065.2967862,
        "time": 1783333781160
      },
      {
        "price": 62876.57,
        "qty": 1.18937,
        "side": "buy",
        "value": 74783.5060609,
        "time": 1783333781161
      },
      {
        "price": 62883.53,
        "qty": 1.43429,
        "side": "buy",
        "value": 90193.2182437,
        "time": 1783333781194
      },
      {
        "price": 62883.54,
        "qty": 2.0898,
        "side": "buy",
        "value": 131414.021892,
        "time": 1783333781194
      },
      {
        "price": 62876,
        "qty": 0.96248,
        "side": "sell",
        "value": 60516.89248,
        "time": 1783333894957
      },
      {
        "price": 62882.02,
        "qty": 0.82074,
        "side": "buy",
        "value": 51609.7890948,
        "time": 1783333943400
      },
      {
        "price": 62979.04,
        "qty": 0.95754,
        "side": "sell",
        "value": 60304.949961599996,
        "time": 1783334049589
      },
      {
        "price": 62959.26,
        "qty": 0.80457,
        "side": "sell",
        "value": 50655.1318182,
        "time": 1783334302077
      },
      {
        "price": 62959.26,
        "qty": 1.8,
        "side": "sell",
        "value": 113326.668,
        "time": 1783334302077
      },
      {
        "price": 62959.26,
        "qty": 0.85232,
        "side": "sell",
        "value": 53661.4364832,
        "time": 1783334302078
      },
      {
        "price": 63025,
        "qty": 0.8507,
        "side": "sell",
        "value": 53615.3675,
        "time": 1783334389856
      },
      {
        "price": 63000,
        "qty": 1.01318,
        "side": "sell",
        "value": 63830.34,
        "time": 1783334434959
      }
    ]
  },
  "depthImportant": {
    "buys": [
      {
        "side": "buy",
        "layer": 2,
        "price": 62925.06,
        "qty": 0.52628,
        "cumulative": 1.09399
      },
      {
        "side": "buy",
        "layer": 16,
        "price": 62921.7,
        "qty": 0.42224,
        "cumulative": 2.39836
      },
      {
        "side": "buy",
        "layer": 37,
        "price": 62918.01,
        "qty": 0.44375,
        "cumulative": 1.5377399999999999
      },
      {
        "side": "buy",
        "layer": 38,
        "price": 62918,
        "qty": 0.56771,
        "cumulative": 0.56771
      },
      {
        "side": "buy",
        "layer": 39,
        "price": 62917.99,
        "qty": 0.43838,
        "cumulative": 1.9761199999999999
      },
      {
        "side": "buy",
        "layer": 55,
        "price": 62915.06,
        "qty": 0.47671,
        "cumulative": 3.41561
      },
      {
        "side": "buy",
        "layer": 59,
        "price": 62914.26,
        "qty": 0.42523,
        "cumulative": 4.74803
      },
      {
        "side": "buy",
        "layer": 60,
        "price": 62914.25,
        "qty": 0.54054,
        "cumulative": 2.9389
      },
      {
        "side": "buy",
        "layer": 78,
        "price": 62912.34,
        "qty": 0.47671,
        "cumulative": 3.8923200000000002
      },
      {
        "side": "buy",
        "layer": 93,
        "price": 62911.14,
        "qty": 0.43048,
        "cumulative": 4.3228
      },
      {
        "side": "buy",
        "layer": 134,
        "price": 62905.36,
        "qty": 1.59994,
        "cumulative": 12.705449999999999
      },
      {
        "side": "buy",
        "layer": 135,
        "price": 62905.35,
        "qty": 3.17874,
        "cumulative": 7.926769999999999
      },
      {
        "side": "buy",
        "layer": 183,
        "price": 62898.12,
        "qty": 0.57292,
        "cumulative": 14.721659999999998
      },
      {
        "side": "buy",
        "layer": 195,
        "price": 62895.98,
        "qty": 1.44329,
        "cumulative": 14.148739999999998
      },
      {
        "side": "buy",
        "layer": 196,
        "price": 62895.97,
        "qty": 3.17874,
        "cumulative": 11.105509999999999
      },
      {
        "side": "buy",
        "layer": 255,
        "price": 62888.34,
        "qty": 3.17944,
        "cumulative": 31.33524
      },
      {
        "side": "buy",
        "layer": 297,
        "price": 62880.56,
        "qty": 3.65605,
        "cumulative": 28.1558
      },
      {
        "side": "buy",
        "layer": 350,
        "price": 62871.46,
        "qty": 5,
        "cumulative": 19.72166
      },
      {
        "side": "buy",
        "layer": 397,
        "price": 62863.94,
        "qty": 3.17838,
        "cumulative": 34.513619999999996
      },
      {
        "side": "buy",
        "layer": 463,
        "price": 62849.64,
        "qty": 4.77809,
        "cumulative": 24.49975
      },
      {
        "side": "buy",
        "layer": 716,
        "price": 62789.3,
        "qty": 4.78268,
        "cumulative": 60.18231999999999
      },
      {
        "side": "buy",
        "layer": 720,
        "price": 62788.21,
        "qty": 4.78277,
        "cumulative": 55.39963999999999
      },
      {
        "side": "buy",
        "layer": 765,
        "price": 62773.22,
        "qty": 6.53046,
        "cumulative": 41.044079999999994
      },
      {
        "side": "buy",
        "layer": 824,
        "price": 62756.59,
        "qty": 4.78518,
        "cumulative": 50.61686999999999
      },
      {
        "side": "buy",
        "layer": 935,
        "price": 62724.72,
        "qty": 4.78761,
        "cumulative": 45.831689999999995
      }
    ],
    "sells": [
      {
        "side": "sell",
        "layer": 1,
        "price": 62925.08,
        "qty": 6.7866,
        "cumulative": 6.7866
      },
      {
        "side": "sell",
        "layer": 16,
        "price": 62928.06,
        "qty": 0.47646,
        "cumulative": 12.00975
      },
      {
        "side": "sell",
        "layer": 28,
        "price": 62930.2,
        "qty": 0.4552,
        "cumulative": 12.46495
      },
      {
        "side": "sell",
        "layer": 29,
        "price": 62930.21,
        "qty": 1.09124,
        "cumulative": 11.533290000000001
      },
      {
        "side": "sell",
        "layer": 30,
        "price": 62930.22,
        "qty": 3.65545,
        "cumulative": 10.44205
      },
      {
        "side": "sell",
        "layer": 59,
        "price": 62934.03,
        "qty": 1.47786,
        "cumulative": 17.12155
      },
      {
        "side": "sell",
        "layer": 60,
        "price": 62934.04,
        "qty": 3.17874,
        "cumulative": 15.64369
      },
      {
        "side": "sell",
        "layer": 67,
        "price": 62934.75,
        "qty": 0.4762,
        "cumulative": 18.86986
      },
      {
        "side": "sell",
        "layer": 78,
        "price": 62935.97,
        "qty": 0.7954,
        "cumulative": 17.91695
      },
      {
        "side": "sell",
        "layer": 79,
        "price": 62935.98,
        "qty": 0.47671,
        "cumulative": 18.39366
      },
      {
        "side": "sell",
        "layer": 109,
        "price": 62938.75,
        "qty": 3.17874,
        "cumulative": 22.0486
      },
      {
        "side": "sell",
        "layer": 119,
        "price": 62940.39,
        "qty": 2.16781,
        "cumulative": 33.75024
      },
      {
        "side": "sell",
        "layer": 138,
        "price": 62942.68,
        "qty": 3.17829,
        "cumulative": 25.22689
      },
      {
        "side": "sell",
        "layer": 159,
        "price": 62946.53,
        "qty": 3.17777,
        "cumulative": 28.40466
      },
      {
        "side": "sell",
        "layer": 190,
        "price": 62950.51,
        "qty": 3.17777,
        "cumulative": 31.58243
      },
      {
        "side": "sell",
        "layer": 286,
        "price": 62965.44,
        "qty": 3.17944,
        "cumulative": 49.45101
      },
      {
        "side": "sell",
        "layer": 314,
        "price": 62969.44,
        "qty": 3.17944,
        "cumulative": 52.630449999999996
      },
      {
        "side": "sell",
        "layer": 363,
        "price": 62978.25,
        "qty": 3.7613,
        "cumulative": 46.27157
      },
      {
        "side": "sell",
        "layer": 405,
        "price": 62984.66,
        "qty": 4.76785,
        "cumulative": 38.51809
      },
      {
        "side": "sell",
        "layer": 422,
        "price": 62988.66,
        "qty": 3.99218,
        "cumulative": 42.51027
      },
      {
        "side": "sell",
        "layer": 602,
        "price": 63026.25,
        "qty": 4.7647,
        "cumulative": 62.446909999999995
      },
      {
        "side": "sell",
        "layer": 678,
        "price": 63040.1,
        "qty": 4.76366,
        "cumulative": 67.21056999999999
      },
      {
        "side": "sell",
        "layer": 763,
        "price": 63055.09,
        "qty": 4.76252,
        "cumulative": 71.97308999999998
      },
      {
        "side": "sell",
        "layer": 819,
        "price": 63067.15,
        "qty": 4.76161,
        "cumulative": 76.73469999999999
      },
      {
        "side": "sell",
        "layer": 863,
        "price": 63078.89,
        "qty": 5.05176,
        "cumulative": 57.68221
      }
    ]
  },
  "updatedAt": 1783334761571
}