{
  "symbol": "btcusdt",
  "timeframe": "1m",
  "candle": {
    "startTime": 1783339920000,
    "open": 61966,
    "high": 62144.56,
    "low": 61965.99,
    "close": 62117.99,
    "volume": 8421,
    "direction": "up",
    "volatility": 178.5699999999997,
    "totalVolume": 8421
  },
  "trades": {
    "count": 32630,
    "buyVolume": 193.00458000000233,
    "sellVolume": 108.82466000000103,
    "bigTrades": [
      {
        "price": 62045,
        "qty": 4.387,
        "side": "sell",
        "value": 272191.415,
        "time": 1783339712971
      },
      {
        "price": 62024,
        "qty": 4.90175,
        "side": "sell",
        "value": 304026.142,
        "time": 1783339720029
      },
      {
        "price": 62000,
        "qty": 0.82657,
        "side": "sell",
        "value": 51247.340000000004,
        "time": 1783339720703
      },
      {
        "price": 62000,
        "qty": 4.68593,
        "side": "sell",
        "value": 290527.66,
        "time": 1783339720708
      },
      {
        "price": 62000,
        "qty": 1.59426,
        "side": "buy",
        "value": 98844.12,
        "time": 1783339738623
      },
      {
        "price": 62000,
        "qty": 0.99676,
        "side": "buy",
        "value": 61799.119999999995,
        "time": 1783339738624
      },
      {
        "price": 62000,
        "qty": 1.9007,
        "side": "buy",
        "value": 117843.40000000001,
        "time": 1783339738625
      },
      {
        "price": 62000,
        "qty": 0.96223,
        "side": "buy",
        "value": 59658.26,
        "time": 1783339738631
      },
      {
        "price": 62000,
        "qty": 3.10638,
        "side": "buy",
        "value": 192595.56,
        "time": 1783339738639
      },
      {
        "price": 62000,
        "qty": 0.90983,
        "side": "buy",
        "value": 56409.46,
        "time": 1783339738639
      },
      {
        "price": 62000,
        "qty": 0.81252,
        "side": "buy",
        "value": 50376.24,
        "time": 1783339738640
      },
      {
        "price": 62000,
        "qty": 0.83591,
        "side": "buy",
        "value": 51826.420000000006,
        "time": 1783339738641
      },
      {
        "price": 62000,
        "qty": 0.85324,
        "side": "buy",
        "value": 52900.88,
        "time": 1783339738644
      },
      {
        "price": 62000,
        "qty": 0.8745,
        "side": "buy",
        "value": 54219,
        "time": 1783339738646
      },
      {
        "price": 62000,
        "qty": 17.87495,
        "side": "buy",
        "value": 1108246.9,
        "time": 1783339738652
      },
      {
        "price": 62000,
        "qty": 1.06714,
        "side": "buy",
        "value": 66162.68,
        "time": 1783339738653
      },
      {
        "price": 62000,
        "qty": 1.48184,
        "side": "buy",
        "value": 91874.08,
        "time": 1783339738654
      },
      {
        "price": 62003.98,
        "qty": 1.01948,
        "side": "buy",
        "value": 63211.817530399996,
        "time": 1783339742430
      },
      {
        "price": 62004,
        "qty": 2.74118,
        "side": "sell",
        "value": 169964.12472,
        "time": 1783339743328
      },
      {
        "price": 62004,
        "qty": 1.0194,
        "side": "sell",
        "value": 63206.87760000001,
        "time": 1783339743328
      },
      {
        "price": 62018,
        "qty": 4.5807,
        "side": "sell",
        "value": 284085.85260000004,
        "time": 1783339775849
      },
      {
        "price": 61999.99,
        "qty": 0.842,
        "side": "buy",
        "value": 52203.991579999994,
        "time": 1783339805453
      },
      {
        "price": 61999.99,
        "qty": 1.01947,
        "side": "buy",
        "value": 63207.12980530001,
        "time": 1783339805554
      },
      {
        "price": 62000,
        "qty": 1,
        "side": "buy",
        "value": 62000,
        "time": 1783339805559
      },
      {
        "price": 61981,
        "qty": 1.90819,
        "side": "sell",
        "value": 118271.52439,
        "time": 1783339816020
      },
      {
        "price": 61981,
        "qty": 1.22596,
        "side": "sell",
        "value": 75986.22675999999,
        "time": 1783339816020
      },
      {
        "price": 61981,
        "qty": 1.01102,
        "side": "sell",
        "value": 62664.030620000005,
        "time": 1783339816020
      },
      {
        "price": 61928.49,
        "qty": 1.1167,
        "side": "sell",
        "value": 69155.544783,
        "time": 1783339856319
      },
      {
        "price": 61928.49,
        "qty": 0.98778,
        "side": "sell",
        "value": 61171.7238522,
        "time": 1783339859863
      },
      {
        "price": 61928.49,
        "qty": 1.57712,
        "side": "sell",
        "value": 97668.6601488,
        "time": 1783339862037
      },
      {
        "price": 61958.36,
        "qty": 5.36643,
        "side": "buy",
        "value": 332495.2018548,
        "time": 1783339874260
      },
      {
        "price": 61958.36,
        "qty": 1,
        "side": "buy",
        "value": 61958.36,
        "time": 1783339874260
      },
      {
        "price": 61958.36,
        "qty": 1,
        "side": "buy",
        "value": 61958.36,
        "time": 1783339874261
      },
      {
        "price": 62037.99,
        "qty": 0.87067,
        "side": "sell",
        "value": 54014.616753300004,
        "time": 1783339939517
      },
      {
        "price": 62036.01,
        "qty": 1.73894,
        "side": "buy",
        "value": 107876.8992294,
        "time": 1783339941446
      },
      {
        "price": 62037.24,
        "qty": 1,
        "side": "buy",
        "value": 62037.24,
        "time": 1783339941449
      },
      {
        "price": 62041.12,
        "qty": 0.92916,
        "side": "buy",
        "value": 57646.1270592,
        "time": 1783339941452
      },
      {
        "price": 62043.45,
        "qty": 0.92509,
        "side": "buy",
        "value": 57395.775160499994,
        "time": 1783339941454
      },
      {
        "price": 62049.64,
        "qty": 0.80676,
        "side": "buy",
        "value": 50059.1675664,
        "time": 1783339941459
      },
      {
        "price": 62049.97,
        "qty": 3.22439,
        "side": "buy",
        "value": 200073.3027683,
        "time": 1783339941459
      },
      {
        "price": 62050,
        "qty": 0.86448,
        "side": "buy",
        "value": 53640.984000000004,
        "time": 1783339941460
      },
      {
        "price": 62050,
        "qty": 4.64871,
        "side": "buy",
        "value": 288452.45550000004,
        "time": 1783339941460
      },
      {
        "price": 62103.71,
        "qty": 0.82875,
        "side": "buy",
        "value": 51468.449662499996,
        "time": 1783339941702
      },
      {
        "price": 62132.01,
        "qty": 3.21893,
        "side": "buy",
        "value": 199998.5909493,
        "time": 1783339960095
      },
      {
        "price": 62127.46,
        "qty": 2.99559,
        "side": "sell",
        "value": 186108.3979014,
        "time": 1783339960362
      }
    ]
  },
  "depthImportant": {
    "buys": [
      {
        "side": "buy",
        "layer": 1,
        "price": 62117.99,
        "qty": 2.07405,
        "cumulative": 2.07405
      },
      {
        "side": "buy",
        "layer": 7,
        "price": 62115.99,
        "qty": 0.24923,
        "cumulative": 4.31931
      },
      {
        "side": "buy",
        "layer": 35,
        "price": 62108.01,
        "qty": 0.45346,
        "cumulative": 4.07008
      },
      {
        "side": "buy",
        "layer": 44,
        "price": 62106.05,
        "qty": 0.24417,
        "cumulative": 4.56348
      },
      {
        "side": "buy",
        "layer": 45,
        "price": 62106.04,
        "qty": 1.54257,
        "cumulative": 3.61662
      },
      {
        "side": "buy",
        "layer": 54,
        "price": 62104.38,
        "qty": 0.35444,
        "cumulative": 8.83743
      },
      {
        "side": "buy",
        "layer": 65,
        "price": 62103.12,
        "qty": 1.77149,
        "cumulative": 6.33497
      },
      {
        "side": "buy",
        "layer": 71,
        "price": 62102.01,
        "qty": 0.60199,
        "cumulative": 7.9027199999999995
      },
      {
        "side": "buy",
        "layer": 83,
        "price": 62100.56,
        "qty": 0.96576,
        "cumulative": 7.30073
      },
      {
        "side": "buy",
        "layer": 86,
        "price": 62100.47,
        "qty": 0.58027,
        "cumulative": 8.48299
      },
      {
        "side": "buy",
        "layer": 105,
        "price": 62098,
        "qty": 4.93094,
        "cumulative": 13.768369999999999
      },
      {
        "side": "buy",
        "layer": 151,
        "price": 62091.17,
        "qty": 1.59598,
        "cumulative": 21.8242
      },
      {
        "side": "buy",
        "layer": 180,
        "price": 62086.55,
        "qty": 1.64372,
        "cumulative": 18.63207
      },
      {
        "side": "buy",
        "layer": 188,
        "price": 62085.21,
        "qty": 3.21998,
        "cumulative": 16.98835
      },
      {
        "side": "buy",
        "layer": 194,
        "price": 62084.49,
        "qty": 1.59615,
        "cumulative": 20.22822
      },
      {
        "side": "buy",
        "layer": 233,
        "price": 62077.9,
        "qty": 1.59744,
        "cumulative": 33.6806
      },
      {
        "side": "buy",
        "layer": 308,
        "price": 62063.68,
        "qty": 1.59667,
        "cumulative": 35.27727
      },
      {
        "side": "buy",
        "layer": 331,
        "price": 62058.11,
        "qty": 1.85248,
        "cumulative": 32.08316
      },
      {
        "side": "buy",
        "layer": 399,
        "price": 62041.74,
        "qty": 3.56597,
        "cumulative": 30.23068
      },
      {
        "side": "buy",
        "layer": 418,
        "price": 62036.67,
        "qty": 4.84051,
        "cumulative": 26.66471
      },
      {
        "side": "buy",
        "layer": 551,
        "price": 62000,
        "qty": 10.03869,
        "cumulative": 45.315960000000004
      },
      {
        "side": "buy",
        "layer": 687,
        "price": 61951.47,
        "qty": 6.79137,
        "cumulative": 52.107330000000005
      },
      {
        "side": "buy",
        "layer": 714,
        "price": 61938.87,
        "qty": 4.84815,
        "cumulative": 66.65918
      },
      {
        "side": "buy",
        "layer": 805,
        "price": 61907.62,
        "qty": 4.8506,
        "cumulative": 61.81103
      },
      {
        "side": "buy",
        "layer": 884,
        "price": 61876.35,
        "qty": 4.8531,
        "cumulative": 56.96043
      }
    ],
    "sells": [
      {
        "side": "sell",
        "layer": 1,
        "price": 62118,
        "qty": 1.61756,
        "cumulative": 4.837540000000001
      },
      {
        "side": "sell",
        "layer": 18,
        "price": 62121.77,
        "qty": 1.06301,
        "cumulative": 7.346890000000001
      },
      {
        "side": "sell",
        "layer": 39,
        "price": 62124.28,
        "qty": 0.96576,
        "cumulative": 8.312650000000001
      },
      {
        "side": "sell",
        "layer": 41,
        "price": 62125.3,
        "qty": 1.44634,
        "cumulative": 6.283880000000001
      },
      {
        "side": "sell",
        "layer": 42,
        "price": 62125.31,
        "qty": 3.21998,
        "cumulative": 3.21998
      },
      {
        "side": "sell",
        "layer": 55,
        "price": 62126.91,
        "qty": 0.96576,
        "cumulative": 17.894470000000002
      },
      {
        "side": "sell",
        "layer": 57,
        "price": 62127.34,
        "qty": 1.18722,
        "cumulative": 15.93983
      },
      {
        "side": "sell",
        "layer": 70,
        "price": 62129.98,
        "qty": 3.21998,
        "cumulative": 11.532630000000001
      },
      {
        "side": "sell",
        "layer": 95,
        "price": 62134.58,
        "qty": 0.98888,
        "cumulative": 16.928710000000002
      },
      {
        "side": "sell",
        "layer": 96,
        "price": 62134.59,
        "qty": 3.21998,
        "cumulative": 14.75261
      },
      {
        "side": "sell",
        "layer": 110,
        "price": 62136.7,
        "qty": 1.82678,
        "cumulative": 31.208600000000004
      },
      {
        "side": "sell",
        "layer": 126,
        "price": 62138.91,
        "qty": 3.21998,
        "cumulative": 24.334970000000002
      },
      {
        "side": "sell",
        "layer": 156,
        "price": 62145.17,
        "qty": 3.22052,
        "cumulative": 21.114990000000002
      },
      {
        "side": "sell",
        "layer": 187,
        "price": 62149.47,
        "qty": 1.82767,
        "cumulative": 29.381820000000005
      },
      {
        "side": "sell",
        "layer": 191,
        "price": 62149.95,
        "qty": 3.21918,
        "cumulative": 27.554150000000003
      },
      {
        "side": "sell",
        "layer": 332,
        "price": 62173.36,
        "qty": 3.21939,
        "cumulative": 47.31042
      },
      {
        "side": "sell",
        "layer": 377,
        "price": 62180.31,
        "qty": 3.22163,
        "cumulative": 34.43023
      },
      {
        "side": "sell",
        "layer": 415,
        "price": 62187.77,
        "qty": 3.2203,
        "cumulative": 40.871050000000004
      },
      {
        "side": "sell",
        "layer": 437,
        "price": 62194.96,
        "qty": 3.22052,
        "cumulative": 37.65075
      },
      {
        "side": "sell",
        "layer": 468,
        "price": 62202.42,
        "qty": 3.21998,
        "cumulative": 44.09103
      },
      {
        "side": "sell",
        "layer": 558,
        "price": 62225.49,
        "qty": 4.82582,
        "cumulative": 58.71848
      },
      {
        "side": "sell",
        "layer": 603,
        "price": 62240.78,
        "qty": 4.82469,
        "cumulative": 63.54317
      },
      {
        "side": "sell",
        "layer": 621,
        "price": 62246.52,
        "qty": 4.82424,
        "cumulative": 68.36741
      },
      {
        "side": "sell",
        "layer": 659,
        "price": 62262.58,
        "qty": 4.82295,
        "cumulative": 73.19036000000001
      },
      {
        "side": "sell",
        "layer": 683,
        "price": 62272.38,
        "qty": 6.58224,
        "cumulative": 53.89266
      }
    ]
  },
  "updatedAt": 1783339980425
}