{
  "symbol": "btcusdt",
  "timeframe": "1m",
  "candle": {
    "startTime": 1783339740000,
    "open": 62008.01,
    "high": 62060,
    "low": 61981,
    "close": 61992,
    "volume": 5750,
    "direction": "down",
    "volatility": 79,
    "totalVolume": 5750
  },
  "trades": {
    "count": 11476,
    "buyVolume": 92.03565000000013,
    "sellVolume": 53.14739000000062,
    "bigTrades": [
      {
        "price": 62045,
        "qty": 4.387,
        "side": "sell",
        "value": 272191.415,
        "time": 1783339712971
      },
      {
        "price": 62024,
        "qty": 4.90175,
        "side": "sell",
        "value": 304026.142,
        "time": 1783339720029
      },
      {
        "price": 62000,
        "qty": 0.82657,
        "side": "sell",
        "value": 51247.340000000004,
        "time": 1783339720703
      },
      {
        "price": 62000,
        "qty": 4.68593,
        "side": "sell",
        "value": 290527.66,
        "time": 1783339720708
      },
      {
        "price": 62000,
        "qty": 1.59426,
        "side": "buy",
        "value": 98844.12,
        "time": 1783339738623
      },
      {
        "price": 62000,
        "qty": 0.99676,
        "side": "buy",
        "value": 61799.119999999995,
        "time": 1783339738624
      },
      {
        "price": 62000,
        "qty": 1.9007,
        "side": "buy",
        "value": 117843.40000000001,
        "time": 1783339738625
      },
      {
        "price": 62000,
        "qty": 0.96223,
        "side": "buy",
        "value": 59658.26,
        "time": 1783339738631
      },
      {
        "price": 62000,
        "qty": 3.10638,
        "side": "buy",
        "value": 192595.56,
        "time": 1783339738639
      },
      {
        "price": 62000,
        "qty": 0.90983,
        "side": "buy",
        "value": 56409.46,
        "time": 1783339738639
      },
      {
        "price": 62000,
        "qty": 0.81252,
        "side": "buy",
        "value": 50376.24,
        "time": 1783339738640
      },
      {
        "price": 62000,
        "qty": 0.83591,
        "side": "buy",
        "value": 51826.420000000006,
        "time": 1783339738641
      },
      {
        "price": 62000,
        "qty": 0.85324,
        "side": "buy",
        "value": 52900.88,
        "time": 1783339738644
      },
      {
        "price": 62000,
        "qty": 0.8745,
        "side": "buy",
        "value": 54219,
        "time": 1783339738646
      },
      {
        "price": 62000,
        "qty": 17.87495,
        "side": "buy",
        "value": 1108246.9,
        "time": 1783339738652
      },
      {
        "price": 62000,
        "qty": 1.06714,
        "side": "buy",
        "value": 66162.68,
        "time": 1783339738653
      },
      {
        "price": 62000,
        "qty": 1.48184,
        "side": "buy",
        "value": 91874.08,
        "time": 1783339738654
      },
      {
        "price": 62003.98,
        "qty": 1.01948,
        "side": "buy",
        "value": 63211.817530399996,
        "time": 1783339742430
      },
      {
        "price": 62004,
        "qty": 2.74118,
        "side": "sell",
        "value": 169964.12472,
        "time": 1783339743328
      },
      {
        "price": 62004,
        "qty": 1.0194,
        "side": "sell",
        "value": 63206.87760000001,
        "time": 1783339743328
      },
      {
        "price": 62018,
        "qty": 4.5807,
        "side": "sell",
        "value": 284085.85260000004,
        "time": 1783339775849
      }
    ]
  },
  "depthImportant": {
    "buys": [
      {
        "side": "buy",
        "layer": 1,
        "price": 61991.99,
        "qty": 2.54414,
        "cumulative": 2.54414
      },
      {
        "side": "buy",
        "layer": 19,
        "price": 61987.73,
        "qty": 0.87076,
        "cumulative": 3.4149000000000003
      },
      {
        "side": "buy",
        "layer": 20,
        "price": 61987.72,
        "qty": 0.47629,
        "cumulative": 4.7618599999999995
      },
      {
        "side": "buy",
        "layer": 28,
        "price": 61985.79,
        "qty": 0.22519,
        "cumulative": 4.98705
      },
      {
        "side": "buy",
        "layer": 40,
        "price": 61983.55,
        "qty": 0.87067,
        "cumulative": 4.28557
      },
      {
        "side": "buy",
        "layer": 54,
        "price": 61981.01,
        "qty": 1.03669,
        "cumulative": 11.039439999999999
      },
      {
        "side": "buy",
        "layer": 55,
        "price": 61981,
        "qty": 5.0157,
        "cumulative": 10.002749999999999
      },
      {
        "side": "buy",
        "layer": 75,
        "price": 61978.54,
        "qty": 0.5814,
        "cumulative": 13.0778
      },
      {
        "side": "buy",
        "layer": 95,
        "price": 61975,
        "qty": 0.87067,
        "cumulative": 11.91011
      },
      {
        "side": "buy",
        "layer": 98,
        "price": 61974.45,
        "qty": 0.58629,
        "cumulative": 12.4964
      },
      {
        "side": "buy",
        "layer": 110,
        "price": 61972.52,
        "qty": 0.87067,
        "cumulative": 17.146819999999998
      },
      {
        "side": "buy",
        "layer": 129,
        "price": 61969.75,
        "qty": 0.87067,
        "cumulative": 18.01749
      },
      {
        "side": "buy",
        "layer": 131,
        "price": 61969.6,
        "qty": 1.59909,
        "cumulative": 16.276149999999998
      },
      {
        "side": "buy",
        "layer": 147,
        "price": 61966.69,
        "qty": 0.87067,
        "cumulative": 18.88816
      },
      {
        "side": "buy",
        "layer": 167,
        "price": 61963.03,
        "qty": 1.59926,
        "cumulative": 14.677059999999999
      },
      {
        "side": "buy",
        "layer": 359,
        "price": 61914.49,
        "qty": 4.85006,
        "cumulative": 44.72522
      },
      {
        "side": "buy",
        "layer": 450,
        "price": 61879.86,
        "qty": 4.85278,
        "cumulative": 39.87516
      },
      {
        "side": "buy",
        "layer": 451,
        "price": 61879.4,
        "qty": 4.85281,
        "cumulative": 35.02238
      },
      {
        "side": "buy",
        "layer": 487,
        "price": 61853.43,
        "qty": 4.85485,
        "cumulative": 30.16957
      },
      {
        "side": "buy",
        "layer": 490,
        "price": 61850.02,
        "qty": 6.42656,
        "cumulative": 25.31472
      },
      {
        "side": "buy",
        "layer": 787,
        "price": 60000,
        "qty": 624.46922,
        "cumulative": 669.19444
      },
      {
        "side": "buy",
        "layer": 851,
        "price": 55000,
        "qty": 585.75216,
        "cumulative": 1254.9466
      },
      {
        "side": "buy",
        "layer": 855,
        "price": 54000,
        "qty": 283.82767,
        "cumulative": 2076.5427600000003
      },
      {
        "side": "buy",
        "layer": 874,
        "price": 50000,
        "qty": 537.76849,
        "cumulative": 1792.7150900000001
      },
      {
        "side": "buy",
        "layer": 907,
        "price": 48000,
        "qty": 254.84864,
        "cumulative": 2331.3914000000004
      }
    ],
    "sells": [
      {
        "side": "sell",
        "layer": 1,
        "price": 61992,
        "qty": 0.2525,
        "cumulative": 13.547659999999999
      },
      {
        "side": "sell",
        "layer": 35,
        "price": 61999.6,
        "qty": 0.60545,
        "cumulative": 13.29516
      },
      {
        "side": "sell",
        "layer": 38,
        "price": 61999.63,
        "qty": 2.63104,
        "cumulative": 12.68971
      },
      {
        "side": "sell",
        "layer": 41,
        "price": 61999.99,
        "qty": 6.29954,
        "cumulative": 6.29954
      },
      {
        "side": "sell",
        "layer": 42,
        "price": 62000,
        "qty": 3.75913,
        "cumulative": 10.05867
      },
      {
        "side": "sell",
        "layer": 63,
        "price": 62003.13,
        "qty": 0.87067,
        "cumulative": 23.422439999999998
      },
      {
        "side": "sell",
        "layer": 66,
        "price": 62003.57,
        "qty": 1.30514,
        "cumulative": 21.30503
      },
      {
        "side": "sell",
        "layer": 67,
        "price": 62003.67,
        "qty": 3.22643,
        "cumulative": 16.774089999999998
      },
      {
        "side": "sell",
        "layer": 95,
        "price": 62007.54,
        "qty": 1.24674,
        "cumulative": 22.551769999999998
      },
      {
        "side": "sell",
        "layer": 96,
        "price": 62007.55,
        "qty": 3.2258,
        "cumulative": 19.999889999999997
      },
      {
        "side": "sell",
        "layer": 128,
        "price": 62011.38,
        "qty": 3.22585,
        "cumulative": 33.10030999999999
      },
      {
        "side": "sell",
        "layer": 156,
        "price": 62015.52,
        "qty": 1.39973,
        "cumulative": 35.92814999999999
      },
      {
        "side": "sell",
        "layer": 157,
        "price": 62015.53,
        "qty": 3.22601,
        "cumulative": 26.648449999999997
      },
      {
        "side": "sell",
        "layer": 174,
        "price": 62019.24,
        "qty": 1.42811,
        "cumulative": 34.52841999999999
      },
      {
        "side": "sell",
        "layer": 175,
        "price": 62019.25,
        "qty": 3.22601,
        "cumulative": 29.874459999999996
      },
      {
        "side": "sell",
        "layer": 220,
        "price": 62026.69,
        "qty": 3.22601,
        "cumulative": 54.628689999999985
      },
      {
        "side": "sell",
        "layer": 347,
        "price": 62050,
        "qty": 3.25477,
        "cumulative": 51.40267999999998
      },
      {
        "side": "sell",
        "layer": 453,
        "price": 62066.64,
        "qty": 4.83817,
        "cumulative": 40.766319999999986
      },
      {
        "side": "sell",
        "layer": 455,
        "price": 62066.85,
        "qty": 3.5849,
        "cumulative": 48.14790999999998
      },
      {
        "side": "sell",
        "layer": 490,
        "price": 62075.66,
        "qty": 3.79669,
        "cumulative": 44.563009999999984
      },
      {
        "side": "sell",
        "layer": 913,
        "price": 64000,
        "qty": 59.27334,
        "cumulative": 346.62352
      },
      {
        "side": "sell",
        "layer": 925,
        "price": 65000,
        "qty": 72.48252,
        "cumulative": 217.52776999999998
      },
      {
        "side": "sell",
        "layer": 938,
        "price": 67000,
        "qty": 90.41656,
        "cumulative": 145.04524999999998
      },
      {
        "side": "sell",
        "layer": 942,
        "price": 80000,
        "qty": 69.82241,
        "cumulative": 287.35017999999997
      },
      {
        "side": "sell",
        "layer": 946,
        "price": 90000,
        "qty": 58.65856,
        "cumulative": 405.28208
      }
    ]
  },
  "updatedAt": 1783339800259
}