{
  "symbol": "btcusdt",
  "timeframe": "1m",
  "candle": {
    "startTime": 1783335420000,
    "open": 62813.05,
    "high": 62816.22,
    "low": 62813.05,
    "close": 62816.22,
    "volume": 385,
    "direction": "up",
    "volatility": 3.1699999999982538,
    "totalVolume": 385
  },
  "trades": {
    "count": 60686,
    "buyVolume": 132.73651999997722,
    "sellVolume": 153.52372999997579,
    "bigTrades": [
      {
        "price": 62859.14,
        "qty": 1.0194,
        "side": "sell",
        "value": 64078.607316,
        "time": 1783333103521
      },
      {
        "price": 62859.14,
        "qty": 0.98503,
        "side": "sell",
        "value": 61918.138674199996,
        "time": 1783333103792
      },
      {
        "price": 62856,
        "qty": 1.0194,
        "side": "buy",
        "value": 64075.40640000001,
        "time": 1783333143863
      },
      {
        "price": 62837.83,
        "qty": 1.01947,
        "side": "buy",
        "value": 64061.28255010001,
        "time": 1783333252137
      },
      {
        "price": 62876.57,
        "qty": 1.22566,
        "side": "buy",
        "value": 77065.2967862,
        "time": 1783333781160
      },
      {
        "price": 62876.57,
        "qty": 1.18937,
        "side": "buy",
        "value": 74783.5060609,
        "time": 1783333781161
      },
      {
        "price": 62883.53,
        "qty": 1.43429,
        "side": "buy",
        "value": 90193.2182437,
        "time": 1783333781194
      },
      {
        "price": 62883.54,
        "qty": 2.0898,
        "side": "buy",
        "value": 131414.021892,
        "time": 1783333781194
      },
      {
        "price": 62876,
        "qty": 0.96248,
        "side": "sell",
        "value": 60516.89248,
        "time": 1783333894957
      },
      {
        "price": 62882.02,
        "qty": 0.82074,
        "side": "buy",
        "value": 51609.7890948,
        "time": 1783333943400
      },
      {
        "price": 62979.04,
        "qty": 0.95754,
        "side": "sell",
        "value": 60304.949961599996,
        "time": 1783334049589
      },
      {
        "price": 62959.26,
        "qty": 0.80457,
        "side": "sell",
        "value": 50655.1318182,
        "time": 1783334302077
      },
      {
        "price": 62959.26,
        "qty": 1.8,
        "side": "sell",
        "value": 113326.668,
        "time": 1783334302077
      },
      {
        "price": 62959.26,
        "qty": 0.85232,
        "side": "sell",
        "value": 53661.4364832,
        "time": 1783334302078
      },
      {
        "price": 63025,
        "qty": 0.8507,
        "side": "sell",
        "value": 53615.3675,
        "time": 1783334389856
      },
      {
        "price": 63000,
        "qty": 1.01318,
        "side": "sell",
        "value": 63830.34,
        "time": 1783334434959
      },
      {
        "price": 62918.49,
        "qty": 1.0409,
        "side": "buy",
        "value": 65491.856240999994,
        "time": 1783334802646
      },
      {
        "price": 62894,
        "qty": 0.966,
        "side": "sell",
        "value": 60755.604,
        "time": 1783334929433
      },
      {
        "price": 62871.46,
        "qty": 4.21317,
        "side": "sell",
        "value": 264888.14912819996,
        "time": 1783334970246
      },
      {
        "price": 62827.8,
        "qty": 0.9888,
        "side": "buy",
        "value": 62124.12864,
        "time": 1783335003475
      },
      {
        "price": 62827.8,
        "qty": 3.18352,
        "side": "buy",
        "value": 200013.55785600003,
        "time": 1783335003477
      },
      {
        "price": 62833.43,
        "qty": 0.99935,
        "side": "buy",
        "value": 62792.5882705,
        "time": 1783335197280
      },
      {
        "price": 62840.01,
        "qty": 0.8167,
        "side": "buy",
        "value": 51321.436167,
        "time": 1783335224033
      }
    ]
  },
  "depthImportant": {
    "buys": [
      {
        "side": "buy",
        "layer": 1,
        "price": 62816.21,
        "qty": 1.70486,
        "cumulative": 1.70486
      },
      {
        "side": "buy",
        "layer": 7,
        "price": 62815.92,
        "qty": 0.07318,
        "cumulative": 2.06206
      },
      {
        "side": "buy",
        "layer": 18,
        "price": 62813.71,
        "qty": 0.07668,
        "cumulative": 1.98888
      },
      {
        "side": "buy",
        "layer": 42,
        "price": 62808.81,
        "qty": 0.10367,
        "cumulative": 1.80853
      },
      {
        "side": "buy",
        "layer": 50,
        "price": 62808.15,
        "qty": 0.10367,
        "cumulative": 1.9122
      },
      {
        "side": "buy",
        "layer": 51,
        "price": 62808.14,
        "qty": 0.40417,
        "cumulative": 3.40119
      },
      {
        "side": "buy",
        "layer": 52,
        "price": 62808.06,
        "qty": 0.3,
        "cumulative": 4.02519
      },
      {
        "side": "buy",
        "layer": 53,
        "price": 62808,
        "qty": 0.324,
        "cumulative": 3.72519
      },
      {
        "side": "buy",
        "layer": 71,
        "price": 62805.73,
        "qty": 0.45825,
        "cumulative": 2.99702
      },
      {
        "side": "buy",
        "layer": 89,
        "price": 62804.18,
        "qty": 0.47671,
        "cumulative": 2.53877
      },
      {
        "side": "buy",
        "layer": 105,
        "price": 62803.14,
        "qty": 0.76884,
        "cumulative": 10.24557
      },
      {
        "side": "buy",
        "layer": 131,
        "price": 62800.39,
        "qty": 0.79003,
        "cumulative": 9.47673
      },
      {
        "side": "buy",
        "layer": 147,
        "price": 62797.78,
        "qty": 0.58367,
        "cumulative": 10.82924
      },
      {
        "side": "buy",
        "layer": 156,
        "price": 62796.3,
        "qty": 1.47762,
        "cumulative": 8.6867
      },
      {
        "side": "buy",
        "layer": 157,
        "price": 62796.29,
        "qty": 3.18389,
        "cumulative": 7.20908
      },
      {
        "side": "buy",
        "layer": 211,
        "price": 62789.02,
        "qty": 3.6606,
        "cumulative": 14.489840000000001
      },
      {
        "side": "buy",
        "layer": 266,
        "price": 62780.97,
        "qty": 3.18957,
        "cumulative": 17.67941
      },
      {
        "side": "buy",
        "layer": 342,
        "price": 62770.39,
        "qty": 3.18319,
        "cumulative": 24.04711
      },
      {
        "side": "buy",
        "layer": 409,
        "price": 62761.9,
        "qty": 3.18451,
        "cumulative": 20.86392
      },
      {
        "side": "buy",
        "layer": 458,
        "price": 62753.41,
        "qty": 3.18312,
        "cumulative": 27.23023
      },
      {
        "side": "buy",
        "layer": 747,
        "price": 62705.01,
        "qty": 4.78911,
        "cumulative": 53.083459999999995
      },
      {
        "side": "buy",
        "layer": 787,
        "price": 62696.92,
        "qty": 4.78973,
        "cumulative": 48.294349999999994
      },
      {
        "side": "buy",
        "layer": 910,
        "price": 62666.26,
        "qty": 6.68957,
        "cumulative": 33.919799999999995
      },
      {
        "side": "buy",
        "layer": 930,
        "price": 62661.55,
        "qty": 4.79239,
        "cumulative": 43.504619999999996
      },
      {
        "side": "buy",
        "layer": 932,
        "price": 62660.97,
        "qty": 4.79243,
        "cumulative": 38.71223
      }
    ],
    "sells": [
      {
        "side": "sell",
        "layer": 1,
        "price": 62816.22,
        "qty": 5.59291,
        "cumulative": 5.59291
      },
      {
        "side": "sell",
        "layer": 14,
        "price": 62817.41,
        "qty": 1.20769,
        "cumulative": 14.80425
      },
      {
        "side": "sell",
        "layer": 20,
        "price": 62818.52,
        "qty": 3.18407,
        "cumulative": 8.77698
      },
      {
        "side": "sell",
        "layer": 41,
        "price": 62822.04,
        "qty": 1.63569,
        "cumulative": 13.59656
      },
      {
        "side": "sell",
        "layer": 46,
        "price": 62822.41,
        "qty": 3.18389,
        "cumulative": 11.96087
      },
      {
        "side": "sell",
        "layer": 72,
        "price": 62825.83,
        "qty": 0.57358,
        "cumulative": 20.77876
      },
      {
        "side": "sell",
        "layer": 78,
        "price": 62826.18,
        "qty": 1.42027,
        "cumulative": 19.40841
      },
      {
        "side": "sell",
        "layer": 79,
        "price": 62826.19,
        "qty": 3.18389,
        "cumulative": 17.98814
      },
      {
        "side": "sell",
        "layer": 91,
        "price": 62827.6,
        "qty": 0.79677,
        "cumulative": 20.20518
      },
      {
        "side": "sell",
        "layer": 97,
        "price": 62828.15,
        "qty": 0.57356,
        "cumulative": 21.35232
      },
      {
        "side": "sell",
        "layer": 111,
        "price": 62829.98,
        "qty": 1.3471,
        "cumulative": 33.85462
      },
      {
        "side": "sell",
        "layer": 112,
        "price": 62829.99,
        "qty": 3.18389,
        "cumulative": 27.720439999999996
      },
      {
        "side": "sell",
        "layer": 124,
        "price": 62831.48,
        "qty": 1.6043,
        "cumulative": 32.50752
      },
      {
        "side": "sell",
        "layer": 149,
        "price": 62836.1,
        "qty": 3.18423,
        "cumulative": 24.53655
      },
      {
        "side": "sell",
        "layer": 192,
        "price": 62843.87,
        "qty": 3.18278,
        "cumulative": 30.903219999999997
      },
      {
        "side": "sell",
        "layer": 308,
        "price": 62864.22,
        "qty": 4.04116,
        "cumulative": 52.22119
      },
      {
        "side": "sell",
        "layer": 322,
        "price": 62867.56,
        "qty": 3.76793,
        "cumulative": 55.98912
      },
      {
        "side": "sell",
        "layer": 363,
        "price": 62874.96,
        "qty": 4.77615,
        "cumulative": 38.63077
      },
      {
        "side": "sell",
        "layer": 417,
        "price": 62887.88,
        "qty": 4.77517,
        "cumulative": 43.40594
      },
      {
        "side": "sell",
        "layer": 474,
        "price": 62902.22,
        "qty": 4.77409,
        "cumulative": 48.18003
      },
      {
        "side": "sell",
        "layer": 568,
        "price": 62928.56,
        "qty": 4.77208,
        "cumulative": 67.00907
      },
      {
        "side": "sell",
        "layer": 577,
        "price": 62931.46,
        "qty": 4.77187,
        "cumulative": 71.78093999999999
      },
      {
        "side": "sell",
        "layer": 602,
        "price": 62938.25,
        "qty": 4.77132,
        "cumulative": 76.55225999999999
      },
      {
        "side": "sell",
        "layer": 701,
        "price": 62969.9,
        "qty": 6.24787,
        "cumulative": 62.23699
      },
      {
        "side": "sell",
        "layer": 730,
        "price": 62978.2,
        "qty": 4.76834,
        "cumulative": 81.32059999999998
      }
    ]
  },
  "updatedAt": 1783335480963
}