{
  "symbol": "btcusdt",
  "timeframe": "1m",
  "candle": {
    "startTime": 1783335540000,
    "open": 62819.73,
    "high": 62822.02,
    "low": 62819.72,
    "close": 62822.02,
    "volume": 519,
    "direction": "up",
    "volatility": 2.2999999999956344,
    "totalVolume": 519
  },
  "trades": {
    "count": 61567,
    "buyVolume": 138.09111999997668,
    "sellVolume": 153.83564999997586,
    "bigTrades": [
      {
        "price": 62859.14,
        "qty": 1.0194,
        "side": "sell",
        "value": 64078.607316,
        "time": 1783333103521
      },
      {
        "price": 62859.14,
        "qty": 0.98503,
        "side": "sell",
        "value": 61918.138674199996,
        "time": 1783333103792
      },
      {
        "price": 62856,
        "qty": 1.0194,
        "side": "buy",
        "value": 64075.40640000001,
        "time": 1783333143863
      },
      {
        "price": 62837.83,
        "qty": 1.01947,
        "side": "buy",
        "value": 64061.28255010001,
        "time": 1783333252137
      },
      {
        "price": 62876.57,
        "qty": 1.22566,
        "side": "buy",
        "value": 77065.2967862,
        "time": 1783333781160
      },
      {
        "price": 62876.57,
        "qty": 1.18937,
        "side": "buy",
        "value": 74783.5060609,
        "time": 1783333781161
      },
      {
        "price": 62883.53,
        "qty": 1.43429,
        "side": "buy",
        "value": 90193.2182437,
        "time": 1783333781194
      },
      {
        "price": 62883.54,
        "qty": 2.0898,
        "side": "buy",
        "value": 131414.021892,
        "time": 1783333781194
      },
      {
        "price": 62876,
        "qty": 0.96248,
        "side": "sell",
        "value": 60516.89248,
        "time": 1783333894957
      },
      {
        "price": 62882.02,
        "qty": 0.82074,
        "side": "buy",
        "value": 51609.7890948,
        "time": 1783333943400
      },
      {
        "price": 62979.04,
        "qty": 0.95754,
        "side": "sell",
        "value": 60304.949961599996,
        "time": 1783334049589
      },
      {
        "price": 62959.26,
        "qty": 0.80457,
        "side": "sell",
        "value": 50655.1318182,
        "time": 1783334302077
      },
      {
        "price": 62959.26,
        "qty": 1.8,
        "side": "sell",
        "value": 113326.668,
        "time": 1783334302077
      },
      {
        "price": 62959.26,
        "qty": 0.85232,
        "side": "sell",
        "value": 53661.4364832,
        "time": 1783334302078
      },
      {
        "price": 63025,
        "qty": 0.8507,
        "side": "sell",
        "value": 53615.3675,
        "time": 1783334389856
      },
      {
        "price": 63000,
        "qty": 1.01318,
        "side": "sell",
        "value": 63830.34,
        "time": 1783334434959
      },
      {
        "price": 62918.49,
        "qty": 1.0409,
        "side": "buy",
        "value": 65491.856240999994,
        "time": 1783334802646
      },
      {
        "price": 62894,
        "qty": 0.966,
        "side": "sell",
        "value": 60755.604,
        "time": 1783334929433
      },
      {
        "price": 62871.46,
        "qty": 4.21317,
        "side": "sell",
        "value": 264888.14912819996,
        "time": 1783334970246
      },
      {
        "price": 62827.8,
        "qty": 0.9888,
        "side": "buy",
        "value": 62124.12864,
        "time": 1783335003475
      },
      {
        "price": 62827.8,
        "qty": 3.18352,
        "side": "buy",
        "value": 200013.55785600003,
        "time": 1783335003477
      },
      {
        "price": 62833.43,
        "qty": 0.99935,
        "side": "buy",
        "value": 62792.5882705,
        "time": 1783335197280
      },
      {
        "price": 62840.01,
        "qty": 0.8167,
        "side": "buy",
        "value": 51321.436167,
        "time": 1783335224033
      },
      {
        "price": 62820,
        "qty": 3.18369,
        "side": "buy",
        "value": 199999.4058,
        "time": 1783335565420
      }
    ]
  },
  "depthImportant": {
    "buys": [
      {
        "side": "buy",
        "layer": 1,
        "price": 62821.99,
        "qty": 5.27854,
        "cumulative": 5.27854
      },
      {
        "side": "buy",
        "layer": 5,
        "price": 62821.09,
        "qty": 0.36711,
        "cumulative": 6.62015
      },
      {
        "side": "buy",
        "layer": 7,
        "price": 62821.07,
        "qty": 0.53562,
        "cumulative": 5.814159999999999
      },
      {
        "side": "buy",
        "layer": 17,
        "price": 62819.98,
        "qty": 0.43888,
        "cumulative": 6.2530399999999995
      },
      {
        "side": "buy",
        "layer": 47,
        "price": 62815.02,
        "qty": 0.33903,
        "cumulative": 6.95918
      },
      {
        "side": "buy",
        "layer": 62,
        "price": 62813.37,
        "qty": 0.47671,
        "cumulative": 13.291440000000001
      },
      {
        "side": "buy",
        "layer": 72,
        "price": 62812.43,
        "qty": 0.79603,
        "cumulative": 12.18421
      },
      {
        "side": "buy",
        "layer": 77,
        "price": 62812.02,
        "qty": 1.24535,
        "cumulative": 11.38818
      },
      {
        "side": "buy",
        "layer": 87,
        "price": 62810.03,
        "qty": 3.18365,
        "cumulative": 10.14283
      },
      {
        "side": "buy",
        "layer": 100,
        "price": 62808.67,
        "qty": 0.63052,
        "cumulative": 12.81473
      },
      {
        "side": "buy",
        "layer": 101,
        "price": 62808.66,
        "qty": 0.66,
        "cumulative": 23.236040000000006
      },
      {
        "side": "buy",
        "layer": 127,
        "price": 62805.84,
        "qty": 1.55373,
        "cumulative": 21.212520000000005
      },
      {
        "side": "buy",
        "layer": 128,
        "price": 62805.83,
        "qty": 3.18365,
        "cumulative": 19.658790000000003
      },
      {
        "side": "buy",
        "layer": 163,
        "price": 62802.08,
        "qty": 1.36352,
        "cumulative": 22.576040000000006
      },
      {
        "side": "buy",
        "layer": 174,
        "price": 62801.51,
        "qty": 3.1837,
        "cumulative": 16.475140000000003
      },
      {
        "side": "buy",
        "layer": 209,
        "price": 62796.33,
        "qty": 3.18388,
        "cumulative": 36.44892000000001
      },
      {
        "side": "buy",
        "layer": 262,
        "price": 62789.02,
        "qty": 3.6606,
        "cumulative": 26.896640000000005
      },
      {
        "side": "buy",
        "layer": 312,
        "price": 62780.97,
        "qty": 3.18389,
        "cumulative": 33.265040000000006
      },
      {
        "side": "buy",
        "layer": 387,
        "price": 62770.39,
        "qty": 3.18319,
        "cumulative": 39.63211000000001
      },
      {
        "side": "buy",
        "layer": 442,
        "price": 62761.9,
        "qty": 3.18451,
        "cumulative": 30.081150000000004
      },
      {
        "side": "buy",
        "layer": 661,
        "price": 62724.72,
        "qty": 4.78761,
        "cumulative": 65.26479
      },
      {
        "side": "buy",
        "layer": 769,
        "price": 62705.01,
        "qty": 4.78911,
        "cumulative": 60.47718000000001
      },
      {
        "side": "buy",
        "layer": 806,
        "price": 62696.92,
        "qty": 4.78973,
        "cumulative": 55.68807000000001
      },
      {
        "side": "buy",
        "layer": 906,
        "price": 62671.64,
        "qty": 6.47384,
        "cumulative": 46.105950000000014
      },
      {
        "side": "buy",
        "layer": 947,
        "price": 62661.55,
        "qty": 4.79239,
        "cumulative": 50.89834000000001
      }
    ],
    "sells": [
      {
        "side": "sell",
        "layer": 18,
        "price": 62824.72,
        "qty": 0.56614,
        "cumulative": 6.64481
      },
      {
        "side": "sell",
        "layer": 23,
        "price": 62825.06,
        "qty": 1.27403,
        "cumulative": 6.07867
      },
      {
        "side": "sell",
        "layer": 48,
        "price": 62828.6,
        "qty": 1.62099,
        "cumulative": 4.80464
      },
      {
        "side": "sell",
        "layer": 49,
        "price": 62828.61,
        "qty": 3.18365,
        "cumulative": 3.18365
      },
      {
        "side": "sell",
        "layer": 50,
        "price": 62828.67,
        "qty": 0.47671,
        "cumulative": 7.121519999999999
      },
      {
        "side": "sell",
        "layer": 54,
        "price": 62829.28,
        "qty": 0.225,
        "cumulative": 12.543859999999999
      },
      {
        "side": "sell",
        "layer": 74,
        "price": 62831.39,
        "qty": 0.48127,
        "cumulative": 11.846139999999998
      },
      {
        "side": "sell",
        "layer": 75,
        "price": 62831.4,
        "qty": 0.47272,
        "cumulative": 12.318859999999999
      },
      {
        "side": "sell",
        "layer": 76,
        "price": 62831.47,
        "qty": 1.05946,
        "cumulative": 11.364869999999998
      },
      {
        "side": "sell",
        "layer": 96,
        "price": 62833.84,
        "qty": 3.18389,
        "cumulative": 10.305409999999998
      },
      {
        "side": "sell",
        "layer": 112,
        "price": 62835.78,
        "qty": 1.55586,
        "cumulative": 22.071679999999997
      },
      {
        "side": "sell",
        "layer": 116,
        "price": 62835.88,
        "qty": 1.60418,
        "cumulative": 20.515819999999998
      },
      {
        "side": "sell",
        "layer": 129,
        "price": 62837.66,
        "qty": 3.18389,
        "cumulative": 15.727749999999999
      },
      {
        "side": "sell",
        "layer": 130,
        "price": 62837.71,
        "qty": 1.29519,
        "cumulative": 23.36687
      },
      {
        "side": "sell",
        "layer": 173,
        "price": 62843.52,
        "qty": 3.18389,
        "cumulative": 18.91164
      },
      {
        "side": "sell",
        "layer": 301,
        "price": 62867.56,
        "qty": 3.76793,
        "cumulative": 45.50256
      },
      {
        "side": "sell",
        "layer": 346,
        "price": 62874.96,
        "qty": 4.77615,
        "cumulative": 28.14302
      },
      {
        "side": "sell",
        "layer": 381,
        "price": 62879.99,
        "qty": 4.04235,
        "cumulative": 41.73463
      },
      {
        "side": "sell",
        "layer": 412,
        "price": 62887.88,
        "qty": 4.77517,
        "cumulative": 32.91819
      },
      {
        "side": "sell",
        "layer": 476,
        "price": 62902.22,
        "qty": 4.77409,
        "cumulative": 37.692280000000004
      },
      {
        "side": "sell",
        "layer": 570,
        "price": 62928.56,
        "qty": 4.77208,
        "cumulative": 56.522510000000004
      },
      {
        "side": "sell",
        "layer": 581,
        "price": 62931.46,
        "qty": 4.77187,
        "cumulative": 61.294380000000004
      },
      {
        "side": "sell",
        "layer": 603,
        "price": 62938.09,
        "qty": 4.77133,
        "cumulative": 66.06571000000001
      },
      {
        "side": "sell",
        "layer": 721,
        "price": 62975.11,
        "qty": 6.24787,
        "cumulative": 51.75043
      },
      {
        "side": "sell",
        "layer": 733,
        "price": 62978.2,
        "qty": 4.76834,
        "cumulative": 70.83405
      }
    ]
  },
  "updatedAt": 1783335600009
}