{
  "symbol": "btcusdt",
  "timeframe": "1m",
  "candle": {
    "startTime": 1783322940000,
    "open": 62992,
    "high": 62992.01,
    "low": 62971.99,
    "close": 62972,
    "volume": 840,
    "direction": "down",
    "volatility": 20.020000000004075,
    "totalVolume": 840
  },
  "trades": {
    "count": 16191,
    "buyVolume": 76.82498999999639,
    "sellVolume": 42.42085000000037,
    "bigTrades": [
      {
        "price": 62971.93,
        "qty": 0.9125,
        "side": "buy",
        "value": 57461.886125,
        "time": 1783322265457
      },
      {
        "price": 62975,
        "qty": 5.9431,
        "side": "sell",
        "value": 374266.72250000003,
        "time": 1783322323640
      },
      {
        "price": 62988,
        "qty": 0.80412,
        "side": "sell",
        "value": 50649.91056,
        "time": 1783322413832
      },
      {
        "price": 62986.01,
        "qty": 0.91429,
        "side": "buy",
        "value": 57587.479082900005,
        "time": 1783322417397
      },
      {
        "price": 62986.01,
        "qty": 0.80276,
        "side": "buy",
        "value": 50562.6493876,
        "time": 1783322417397
      },
      {
        "price": 62986.01,
        "qty": 1.90325,
        "side": "buy",
        "value": 119878.12353250002,
        "time": 1783322417397
      },
      {
        "price": 62986.11,
        "qty": 0.8797,
        "side": "buy",
        "value": 55408.880967000005,
        "time": 1783322448705
      },
      {
        "price": 62986.11,
        "qty": 1.10554,
        "side": "buy",
        "value": 69633.6640494,
        "time": 1783322448707
      },
      {
        "price": 62976.01,
        "qty": 0.85195,
        "side": "buy",
        "value": 53652.4117195,
        "time": 1783322478452
      },
      {
        "price": 62990.01,
        "qty": 1.00001,
        "side": "buy",
        "value": 62990.6399001,
        "time": 1783322483495
      },
      {
        "price": 63000,
        "qty": 0.87275,
        "side": "buy",
        "value": 54983.25,
        "time": 1783322495077
      },
      {
        "price": 63022.15,
        "qty": 1.10502,
        "side": "buy",
        "value": 69640.73619299999,
        "time": 1783322541954
      },
      {
        "price": 63000.16,
        "qty": 0.802,
        "side": "buy",
        "value": 50526.12832,
        "time": 1783322658223
      },
      {
        "price": 63008.26,
        "qty": 1.32317,
        "side": "buy",
        "value": 83370.6393842,
        "time": 1783322791704
      },
      {
        "price": 63008.26,
        "qty": 1.90325,
        "side": "buy",
        "value": 119920.470845,
        "time": 1783322791705
      },
      {
        "price": 63008.26,
        "qty": 0.97545,
        "side": "buy",
        "value": 61461.40721700001,
        "time": 1783322791705
      },
      {
        "price": 63008.26,
        "qty": 1.0194,
        "side": "buy",
        "value": 64230.620244000005,
        "time": 1783322798044
      },
      {
        "price": 63009.95,
        "qty": 1.1626,
        "side": "buy",
        "value": 73255.36787,
        "time": 1783322798047
      },
      {
        "price": 63009.96,
        "qty": 1.90325,
        "side": "buy",
        "value": 119923.70637,
        "time": 1783322798047
      },
      {
        "price": 63026.48,
        "qty": 1.90325,
        "side": "buy",
        "value": 119955.14806,
        "time": 1783322853345
      },
      {
        "price": 63026.48,
        "qty": 1.06733,
        "side": "sell",
        "value": 67270.0528984,
        "time": 1783322865565
      },
      {
        "price": 63009.96,
        "qty": 1.13039,
        "side": "sell",
        "value": 71225.8286844,
        "time": 1783322898601
      },
      {
        "price": 63008.6,
        "qty": 1.27627,
        "side": "sell",
        "value": 80415.98592199999,
        "time": 1783322898614
      },
      {
        "price": 62971.99,
        "qty": 1.99999,
        "side": "sell",
        "value": 125943.35028009998,
        "time": 1783322977371
      }
    ]
  },
  "depthImportant": {
    "buys": [
      {
        "side": "buy",
        "layer": 1,
        "price": 62971.99,
        "qty": 2.32324,
        "cumulative": 2.32324
      },
      {
        "side": "buy",
        "layer": 10,
        "price": 62970,
        "qty": 0.03418,
        "cumulative": 2.48714
      },
      {
        "side": "buy",
        "layer": 18,
        "price": 62968,
        "qty": 0.02418,
        "cumulative": 2.51132
      },
      {
        "side": "buy",
        "layer": 29,
        "price": 62965.56,
        "qty": 0.09387,
        "cumulative": 2.41711
      },
      {
        "side": "buy",
        "layer": 38,
        "price": 62964.13,
        "qty": 0.03585,
        "cumulative": 2.45296
      },
      {
        "side": "buy",
        "layer": 80,
        "price": 62959.85,
        "qty": 0.21701,
        "cumulative": 3.37948
      },
      {
        "side": "buy",
        "layer": 83,
        "price": 62959.4,
        "qty": 0.19184,
        "cumulative": 3.57132
      },
      {
        "side": "buy",
        "layer": 90,
        "price": 62958.5,
        "qty": 0.42615,
        "cumulative": 2.93747
      },
      {
        "side": "buy",
        "layer": 91,
        "price": 62958.49,
        "qty": 0.225,
        "cumulative": 3.16247
      },
      {
        "side": "buy",
        "layer": 98,
        "price": 62957.89,
        "qty": 0.15,
        "cumulative": 3.72132
      },
      {
        "side": "buy",
        "layer": 138,
        "price": 62952.18,
        "qty": 1.90325,
        "cumulative": 14.640619999999998
      },
      {
        "side": "buy",
        "layer": 141,
        "price": 62952.06,
        "qty": 2.47083,
        "cumulative": 12.737369999999999
      },
      {
        "side": "buy",
        "layer": 142,
        "price": 62952.04,
        "qty": 6.54522,
        "cumulative": 10.266539999999999
      },
      {
        "side": "buy",
        "layer": 185,
        "price": 62946.34,
        "qty": 1.90325,
        "cumulative": 16.54387
      },
      {
        "side": "buy",
        "layer": 193,
        "price": 62945.04,
        "qty": 1.6014,
        "cumulative": 18.145269999999996
      },
      {
        "side": "buy",
        "layer": 207,
        "price": 62942.56,
        "qty": 1.90325,
        "cumulative": 30.70888
      },
      {
        "side": "buy",
        "layer": 227,
        "price": 62938.52,
        "qty": 1.90325,
        "cumulative": 32.61213
      },
      {
        "side": "buy",
        "layer": 370,
        "price": 62912.16,
        "qty": 3.76525,
        "cumulative": 26.68432
      },
      {
        "side": "buy",
        "layer": 382,
        "price": 62907.49,
        "qty": 2.12131,
        "cumulative": 28.80563
      },
      {
        "side": "buy",
        "layer": 385,
        "price": 62907.45,
        "qty": 4.7738,
        "cumulative": 22.919069999999998
      },
      {
        "side": "buy",
        "layer": 904,
        "price": 60000,
        "qty": 619.23829,
        "cumulative": 651.85042
      },
      {
        "side": "buy",
        "layer": 945,
        "price": 57000,
        "qty": 254.12882,
        "cumulative": 1782.5443899999998
      },
      {
        "side": "buy",
        "layer": 987,
        "price": 55000,
        "qty": 592.61565,
        "cumulative": 1244.46607
      },
      {
        "side": "buy",
        "layer": 989,
        "price": 54000,
        "qty": 283.9495,
        "cumulative": 1528.41557
      },
      {
        "side": "buy",
        "layer": 994,
        "price": 52000,
        "qty": 241.79884,
        "cumulative": 2024.3432299999997
      }
    ],
    "sells": [
      {
        "side": "sell",
        "layer": 1,
        "price": 62972,
        "qty": 5.86665,
        "cumulative": 5.86665
      },
      {
        "side": "sell",
        "layer": 10,
        "price": 62972.73,
        "qty": 1.10608,
        "cumulative": 10.05452
      },
      {
        "side": "sell",
        "layer": 22,
        "price": 62975.1,
        "qty": 1.17854,
        "cumulative": 8.94844
      },
      {
        "side": "sell",
        "layer": 34,
        "price": 62976.92,
        "qty": 1.90325,
        "cumulative": 7.7699
      },
      {
        "side": "sell",
        "layer": 42,
        "price": 62977.66,
        "qty": 0.54143,
        "cumulative": 10.59595
      },
      {
        "side": "sell",
        "layer": 54,
        "price": 62979.31,
        "qty": 0.38096,
        "cumulative": 14.58188
      },
      {
        "side": "sell",
        "layer": 70,
        "price": 62982,
        "qty": 0.7143,
        "cumulative": 13.21358
      },
      {
        "side": "sell",
        "layer": 78,
        "price": 62983.99,
        "qty": 1.90333,
        "cumulative": 12.49928
      },
      {
        "side": "sell",
        "layer": 85,
        "price": 62984.56,
        "qty": 0.51114,
        "cumulative": 13.72472
      },
      {
        "side": "sell",
        "layer": 88,
        "price": 62984.96,
        "qty": 0.4762,
        "cumulative": 14.20092
      },
      {
        "side": "sell",
        "layer": 117,
        "price": 62987.86,
        "qty": 1.21664,
        "cumulative": 21.178060000000002
      },
      {
        "side": "sell",
        "layer": 132,
        "price": 62989.97,
        "qty": 1.90325,
        "cumulative": 16.48513
      },
      {
        "side": "sell",
        "layer": 179,
        "price": 62996.64,
        "qty": 1.90325,
        "cumulative": 18.38838
      },
      {
        "side": "sell",
        "layer": 180,
        "price": 62996.89,
        "qty": 1.08346,
        "cumulative": 22.26152
      },
      {
        "side": "sell",
        "layer": 194,
        "price": 62999.2,
        "qty": 1.57304,
        "cumulative": 19.96142
      },
      {
        "side": "sell",
        "layer": 202,
        "price": 63000.44,
        "qty": 1.90325,
        "cumulative": 31.862609999999997
      },
      {
        "side": "sell",
        "layer": 227,
        "price": 63004.74,
        "qty": 2.28421,
        "cumulative": 29.959359999999997
      },
      {
        "side": "sell",
        "layer": 252,
        "price": 63009.47,
        "qty": 1.90325,
        "cumulative": 33.765859999999996
      },
      {
        "side": "sell",
        "layer": 382,
        "price": 63030,
        "qty": 3.03418,
        "cumulative": 25.2957
      },
      {
        "side": "sell",
        "layer": 462,
        "price": 63046.66,
        "qty": 2.37945,
        "cumulative": 27.67515
      },
      {
        "side": "sell",
        "layer": 924,
        "price": 65000,
        "qty": 71.56969,
        "cumulative": 472.79207
      },
      {
        "side": "sell",
        "layer": 938,
        "price": 67000,
        "qty": 89.25454,
        "cumulative": 312.82018000000005
      },
      {
        "side": "sell",
        "layer": 943,
        "price": 68000,
        "qty": 97.32828,
        "cumulative": 131.09414
      },
      {
        "side": "sell",
        "layer": 952,
        "price": 70000,
        "qty": 92.4715,
        "cumulative": 223.56564000000003
      },
      {
        "side": "sell",
        "layer": 961,
        "price": 100000,
        "qty": 88.4022,
        "cumulative": 401.22238000000004
      }
    ]
  },
  "updatedAt": 1783323000128
}