{
  "symbol": "btcusdt",
  "timeframe": "1m",
  "candle": {
    "startTime": 1783337040000,
    "open": 62909.99,
    "high": 62923.06,
    "low": 62873.99,
    "close": 62873.99,
    "volume": 2246,
    "direction": "down",
    "volatility": 49.06999999999971,
    "totalVolume": 2246
  },
  "trades": {
    "count": 90856,
    "buyVolume": 215.98113999996374,
    "sellVolume": 207.8445299999616,
    "bigTrades": [
      {
        "price": 62859.14,
        "qty": 1.0194,
        "side": "sell",
        "value": 64078.607316,
        "time": 1783333103521
      },
      {
        "price": 62859.14,
        "qty": 0.98503,
        "side": "sell",
        "value": 61918.138674199996,
        "time": 1783333103792
      },
      {
        "price": 62856,
        "qty": 1.0194,
        "side": "buy",
        "value": 64075.40640000001,
        "time": 1783333143863
      },
      {
        "price": 62837.83,
        "qty": 1.01947,
        "side": "buy",
        "value": 64061.28255010001,
        "time": 1783333252137
      },
      {
        "price": 62876.57,
        "qty": 1.22566,
        "side": "buy",
        "value": 77065.2967862,
        "time": 1783333781160
      },
      {
        "price": 62876.57,
        "qty": 1.18937,
        "side": "buy",
        "value": 74783.5060609,
        "time": 1783333781161
      },
      {
        "price": 62883.53,
        "qty": 1.43429,
        "side": "buy",
        "value": 90193.2182437,
        "time": 1783333781194
      },
      {
        "price": 62883.54,
        "qty": 2.0898,
        "side": "buy",
        "value": 131414.021892,
        "time": 1783333781194
      },
      {
        "price": 62876,
        "qty": 0.96248,
        "side": "sell",
        "value": 60516.89248,
        "time": 1783333894957
      },
      {
        "price": 62882.02,
        "qty": 0.82074,
        "side": "buy",
        "value": 51609.7890948,
        "time": 1783333943400
      },
      {
        "price": 62979.04,
        "qty": 0.95754,
        "side": "sell",
        "value": 60304.949961599996,
        "time": 1783334049589
      },
      {
        "price": 62959.26,
        "qty": 0.80457,
        "side": "sell",
        "value": 50655.1318182,
        "time": 1783334302077
      },
      {
        "price": 62959.26,
        "qty": 1.8,
        "side": "sell",
        "value": 113326.668,
        "time": 1783334302077
      },
      {
        "price": 62959.26,
        "qty": 0.85232,
        "side": "sell",
        "value": 53661.4364832,
        "time": 1783334302078
      },
      {
        "price": 63025,
        "qty": 0.8507,
        "side": "sell",
        "value": 53615.3675,
        "time": 1783334389856
      },
      {
        "price": 63000,
        "qty": 1.01318,
        "side": "sell",
        "value": 63830.34,
        "time": 1783334434959
      },
      {
        "price": 62918.49,
        "qty": 1.0409,
        "side": "buy",
        "value": 65491.856240999994,
        "time": 1783334802646
      },
      {
        "price": 62894,
        "qty": 0.966,
        "side": "sell",
        "value": 60755.604,
        "time": 1783334929433
      },
      {
        "price": 62871.46,
        "qty": 4.21317,
        "side": "sell",
        "value": 264888.14912819996,
        "time": 1783334970246
      },
      {
        "price": 62827.8,
        "qty": 0.9888,
        "side": "buy",
        "value": 62124.12864,
        "time": 1783335003475
      },
      {
        "price": 62827.8,
        "qty": 3.18352,
        "side": "buy",
        "value": 200013.55785600003,
        "time": 1783335003477
      },
      {
        "price": 62833.43,
        "qty": 0.99935,
        "side": "buy",
        "value": 62792.5882705,
        "time": 1783335197280
      },
      {
        "price": 62840.01,
        "qty": 0.8167,
        "side": "buy",
        "value": 51321.436167,
        "time": 1783335224033
      },
      {
        "price": 62820,
        "qty": 3.18369,
        "side": "buy",
        "value": 199999.4058,
        "time": 1783335565420
      },
      {
        "price": 62871.03,
        "qty": 1.36622,
        "side": "sell",
        "value": 85895.6586066,
        "time": 1783335908214
      },
      {
        "price": 62870.71,
        "qty": 0.86668,
        "side": "sell",
        "value": 54488.7869428,
        "time": 1783335926908
      },
      {
        "price": 62870.71,
        "qty": 4.77182,
        "side": "sell",
        "value": 300007.71139219997,
        "time": 1783335928709
      },
      {
        "price": 62864.76,
        "qty": 0.91128,
        "side": "sell",
        "value": 57287.3984928,
        "time": 1783335983408
      },
      {
        "price": 62850.01,
        "qty": 0.84409,
        "side": "buy",
        "value": 53051.0649409,
        "time": 1783335991595
      },
      {
        "price": 62819.85,
        "qty": 0.87148,
        "side": "sell",
        "value": 54746.242878,
        "time": 1783336539602
      },
      {
        "price": 62819.85,
        "qty": 1.1893,
        "side": "sell",
        "value": 74711.647605,
        "time": 1783336539603
      },
      {
        "price": 62807.68,
        "qty": 0.83728,
        "side": "sell",
        "value": 52587.6143104,
        "time": 1783336572523
      },
      {
        "price": 62800,
        "qty": 1.13713,
        "side": "buy",
        "value": 71411.764,
        "time": 1783336689607
      },
      {
        "price": 62819.85,
        "qty": 1.18931,
        "side": "buy",
        "value": 74712.2758035,
        "time": 1783336751623
      },
      {
        "price": 62835.04,
        "qty": 1.20917,
        "side": "buy",
        "value": 75978.2453168,
        "time": 1783336781936
      },
      {
        "price": 62835.05,
        "qty": 3.18369,
        "side": "buy",
        "value": 200047.3203345,
        "time": 1783336781937
      },
      {
        "price": 62838.85,
        "qty": 1.29174,
        "side": "buy",
        "value": 81171.456099,
        "time": 1783336781941
      }
    ]
  },
  "depthImportant": {
    "buys": [
      {
        "side": "buy",
        "layer": 1,
        "price": 62873.99,
        "qty": 1.82532,
        "cumulative": 1.82532
      },
      {
        "side": "buy",
        "layer": 36,
        "price": 62868.67,
        "qty": 0.59703,
        "cumulative": 3.65372
      },
      {
        "side": "buy",
        "layer": 38,
        "price": 62868.65,
        "qty": 1.23137,
        "cumulative": 3.05669
      },
      {
        "side": "buy",
        "layer": 47,
        "price": 62867.62,
        "qty": 0.47679,
        "cumulative": 4.13051
      },
      {
        "side": "buy",
        "layer": 48,
        "price": 62867.45,
        "qty": 0.22801,
        "cumulative": 4.35852
      },
      {
        "side": "buy",
        "layer": 52,
        "price": 62866.87,
        "qty": 3.18096,
        "cumulative": 7.53948
      },
      {
        "side": "buy",
        "layer": 70,
        "price": 62864.95,
        "qty": 0.47704,
        "cumulative": 13.164150000000001
      },
      {
        "side": "buy",
        "layer": 91,
        "price": 62862.74,
        "qty": 0.66,
        "cumulative": 12.68711
      },
      {
        "side": "buy",
        "layer": 93,
        "price": 62862.58,
        "qty": 1.30915,
        "cumulative": 12.02711
      },
      {
        "side": "buy",
        "layer": 94,
        "price": 62862.57,
        "qty": 3.17848,
        "cumulative": 10.71796
      },
      {
        "side": "buy",
        "layer": 154,
        "price": 62855.02,
        "qty": 1.31918,
        "cumulative": 17.66188
      },
      {
        "side": "buy",
        "layer": 155,
        "price": 62855.01,
        "qty": 3.17855,
        "cumulative": 16.3427
      },
      {
        "side": "buy",
        "layer": 165,
        "price": 62853.51,
        "qty": 0.56472,
        "cumulative": 19.37326
      },
      {
        "side": "buy",
        "layer": 174,
        "price": 62852.39,
        "qty": 0.57332,
        "cumulative": 18.808539999999997
      },
      {
        "side": "buy",
        "layer": 195,
        "price": 62849.57,
        "qty": 0.57334,
        "cumulative": 18.235219999999998
      },
      {
        "side": "buy",
        "layer": 268,
        "price": 62839.92,
        "qty": 3.17962,
        "cumulative": 32.094139999999996
      },
      {
        "side": "buy",
        "layer": 318,
        "price": 62832.37,
        "qty": 3.17962,
        "cumulative": 35.273759999999996
      },
      {
        "side": "buy",
        "layer": 404,
        "price": 62817.27,
        "qty": 3.17985,
        "cumulative": 28.914519999999996
      },
      {
        "side": "buy",
        "layer": 426,
        "price": 62812.48,
        "qty": 3.18045,
        "cumulative": 25.734669999999998
      },
      {
        "side": "buy",
        "layer": 463,
        "price": 62804.93,
        "qty": 3.18096,
        "cumulative": 22.554219999999997
      },
      {
        "side": "buy",
        "layer": 673,
        "price": 62758.15,
        "qty": 4.78491,
        "cumulative": 60.81098999999999
      },
      {
        "side": "buy",
        "layer": 790,
        "price": 62736.06,
        "qty": 4.78655,
        "cumulative": 56.02607999999999
      },
      {
        "side": "buy",
        "layer": 822,
        "price": 62729.95,
        "qty": 4.78701,
        "cumulative": 51.239529999999995
      },
      {
        "side": "buy",
        "layer": 858,
        "price": 62720.86,
        "qty": 6.3889,
        "cumulative": 41.662659999999995
      },
      {
        "side": "buy",
        "layer": 980,
        "price": 62692.64,
        "qty": 4.78986,
        "cumulative": 46.45251999999999
      }
    ],
    "sells": [
      {
        "side": "sell",
        "layer": 1,
        "price": 62874,
        "qty": 2.2313,
        "cumulative": 2.2313
      },
      {
        "side": "sell",
        "layer": 24,
        "price": 62878.79,
        "qty": 0.27123,
        "cumulative": 3.4100800000000002
      },
      {
        "side": "sell",
        "layer": 25,
        "price": 62878.8,
        "qty": 0.4762,
        "cumulative": 2.7075
      },
      {
        "side": "sell",
        "layer": 37,
        "price": 62880.29,
        "qty": 0.22909,
        "cumulative": 3.63917
      },
      {
        "side": "sell",
        "layer": 44,
        "price": 62881.69,
        "qty": 0.43135,
        "cumulative": 3.13885
      },
      {
        "side": "sell",
        "layer": 55,
        "price": 62882.46,
        "qty": 0.57304,
        "cumulative": 4.914689999999999
      },
      {
        "side": "sell",
        "layer": 72,
        "price": 62884.99,
        "qty": 0.70248,
        "cumulative": 4.34165
      },
      {
        "side": "sell",
        "layer": 73,
        "price": 62885,
        "qty": 0.57302,
        "cumulative": 5.487709999999999
      },
      {
        "side": "sell",
        "layer": 75,
        "price": 62885.27,
        "qty": 0.4762,
        "cumulative": 6.440619999999999
      },
      {
        "side": "sell",
        "layer": 86,
        "price": 62886.38,
        "qty": 0.47671,
        "cumulative": 5.964419999999999
      },
      {
        "side": "sell",
        "layer": 103,
        "price": 62887.99,
        "qty": 1.50955,
        "cumulative": 19.09417
      },
      {
        "side": "sell",
        "layer": 111,
        "price": 62889.2,
        "qty": 3.18096,
        "cumulative": 9.621579999999998
      },
      {
        "side": "sell",
        "layer": 142,
        "price": 62893.97,
        "qty": 3.18045,
        "cumulative": 12.802029999999998
      },
      {
        "side": "sell",
        "layer": 171,
        "price": 62897.99,
        "qty": 3.18005,
        "cumulative": 15.982079999999998
      },
      {
        "side": "sell",
        "layer": 191,
        "price": 62900.21,
        "qty": 1.60254,
        "cumulative": 17.584619999999997
      },
      {
        "side": "sell",
        "layer": 203,
        "price": 62901.77,
        "qty": 3.17995,
        "cumulative": 29.218289999999996
      },
      {
        "side": "sell",
        "layer": 232,
        "price": 62905.84,
        "qty": 3.17984,
        "cumulative": 32.398129999999995
      },
      {
        "side": "sell",
        "layer": 258,
        "price": 62909.65,
        "qty": 3.17962,
        "cumulative": 35.577749999999995
      },
      {
        "side": "sell",
        "layer": 371,
        "price": 62929.57,
        "qty": 3.18096,
        "cumulative": 26.038339999999998
      },
      {
        "side": "sell",
        "layer": 454,
        "price": 62946.31,
        "qty": 3.76321,
        "cumulative": 22.85738
      },
      {
        "side": "sell",
        "layer": 610,
        "price": 62979.41,
        "qty": 4.76805,
        "cumulative": 46.60886
      },
      {
        "side": "sell",
        "layer": 643,
        "price": 62988.02,
        "qty": 4.7674,
        "cumulative": 51.37626
      },
      {
        "side": "sell",
        "layer": 652,
        "price": 62990.29,
        "qty": 4.76723,
        "cumulative": 56.14349
      },
      {
        "side": "sell",
        "layer": 711,
        "price": 63005.43,
        "qty": 4.76608,
        "cumulative": 60.90957
      },
      {
        "side": "sell",
        "layer": 839,
        "price": 63032.25,
        "qty": 6.26306,
        "cumulative": 41.84081
      }
    ]
  },
  "updatedAt": 1783337100477
}