{
  "symbol": "btcusdt",
  "timeframe": "1m",
  "candle": {
    "startTime": 1783336860000,
    "open": 62850.01,
    "high": 62874,
    "low": 62850,
    "close": 62865.61,
    "volume": 1353,
    "direction": "up",
    "volatility": 24,
    "totalVolume": 1353
  },
  "trades": {
    "count": 85212,
    "buyVolume": 201.74632999996624,
    "sellVolume": 202.26250999996415,
    "bigTrades": [
      {
        "price": 62859.14,
        "qty": 1.0194,
        "side": "sell",
        "value": 64078.607316,
        "time": 1783333103521
      },
      {
        "price": 62859.14,
        "qty": 0.98503,
        "side": "sell",
        "value": 61918.138674199996,
        "time": 1783333103792
      },
      {
        "price": 62856,
        "qty": 1.0194,
        "side": "buy",
        "value": 64075.40640000001,
        "time": 1783333143863
      },
      {
        "price": 62837.83,
        "qty": 1.01947,
        "side": "buy",
        "value": 64061.28255010001,
        "time": 1783333252137
      },
      {
        "price": 62876.57,
        "qty": 1.22566,
        "side": "buy",
        "value": 77065.2967862,
        "time": 1783333781160
      },
      {
        "price": 62876.57,
        "qty": 1.18937,
        "side": "buy",
        "value": 74783.5060609,
        "time": 1783333781161
      },
      {
        "price": 62883.53,
        "qty": 1.43429,
        "side": "buy",
        "value": 90193.2182437,
        "time": 1783333781194
      },
      {
        "price": 62883.54,
        "qty": 2.0898,
        "side": "buy",
        "value": 131414.021892,
        "time": 1783333781194
      },
      {
        "price": 62876,
        "qty": 0.96248,
        "side": "sell",
        "value": 60516.89248,
        "time": 1783333894957
      },
      {
        "price": 62882.02,
        "qty": 0.82074,
        "side": "buy",
        "value": 51609.7890948,
        "time": 1783333943400
      },
      {
        "price": 62979.04,
        "qty": 0.95754,
        "side": "sell",
        "value": 60304.949961599996,
        "time": 1783334049589
      },
      {
        "price": 62959.26,
        "qty": 0.80457,
        "side": "sell",
        "value": 50655.1318182,
        "time": 1783334302077
      },
      {
        "price": 62959.26,
        "qty": 1.8,
        "side": "sell",
        "value": 113326.668,
        "time": 1783334302077
      },
      {
        "price": 62959.26,
        "qty": 0.85232,
        "side": "sell",
        "value": 53661.4364832,
        "time": 1783334302078
      },
      {
        "price": 63025,
        "qty": 0.8507,
        "side": "sell",
        "value": 53615.3675,
        "time": 1783334389856
      },
      {
        "price": 63000,
        "qty": 1.01318,
        "side": "sell",
        "value": 63830.34,
        "time": 1783334434959
      },
      {
        "price": 62918.49,
        "qty": 1.0409,
        "side": "buy",
        "value": 65491.856240999994,
        "time": 1783334802646
      },
      {
        "price": 62894,
        "qty": 0.966,
        "side": "sell",
        "value": 60755.604,
        "time": 1783334929433
      },
      {
        "price": 62871.46,
        "qty": 4.21317,
        "side": "sell",
        "value": 264888.14912819996,
        "time": 1783334970246
      },
      {
        "price": 62827.8,
        "qty": 0.9888,
        "side": "buy",
        "value": 62124.12864,
        "time": 1783335003475
      },
      {
        "price": 62827.8,
        "qty": 3.18352,
        "side": "buy",
        "value": 200013.55785600003,
        "time": 1783335003477
      },
      {
        "price": 62833.43,
        "qty": 0.99935,
        "side": "buy",
        "value": 62792.5882705,
        "time": 1783335197280
      },
      {
        "price": 62840.01,
        "qty": 0.8167,
        "side": "buy",
        "value": 51321.436167,
        "time": 1783335224033
      },
      {
        "price": 62820,
        "qty": 3.18369,
        "side": "buy",
        "value": 199999.4058,
        "time": 1783335565420
      },
      {
        "price": 62871.03,
        "qty": 1.36622,
        "side": "sell",
        "value": 85895.6586066,
        "time": 1783335908214
      },
      {
        "price": 62870.71,
        "qty": 0.86668,
        "side": "sell",
        "value": 54488.7869428,
        "time": 1783335926908
      },
      {
        "price": 62870.71,
        "qty": 4.77182,
        "side": "sell",
        "value": 300007.71139219997,
        "time": 1783335928709
      },
      {
        "price": 62864.76,
        "qty": 0.91128,
        "side": "sell",
        "value": 57287.3984928,
        "time": 1783335983408
      },
      {
        "price": 62850.01,
        "qty": 0.84409,
        "side": "buy",
        "value": 53051.0649409,
        "time": 1783335991595
      },
      {
        "price": 62819.85,
        "qty": 0.87148,
        "side": "sell",
        "value": 54746.242878,
        "time": 1783336539602
      },
      {
        "price": 62819.85,
        "qty": 1.1893,
        "side": "sell",
        "value": 74711.647605,
        "time": 1783336539603
      },
      {
        "price": 62807.68,
        "qty": 0.83728,
        "side": "sell",
        "value": 52587.6143104,
        "time": 1783336572523
      },
      {
        "price": 62800,
        "qty": 1.13713,
        "side": "buy",
        "value": 71411.764,
        "time": 1783336689607
      },
      {
        "price": 62819.85,
        "qty": 1.18931,
        "side": "buy",
        "value": 74712.2758035,
        "time": 1783336751623
      },
      {
        "price": 62835.04,
        "qty": 1.20917,
        "side": "buy",
        "value": 75978.2453168,
        "time": 1783336781936
      },
      {
        "price": 62835.05,
        "qty": 3.18369,
        "side": "buy",
        "value": 200047.3203345,
        "time": 1783336781937
      },
      {
        "price": 62838.85,
        "qty": 1.29174,
        "side": "buy",
        "value": 81171.456099,
        "time": 1783336781941
      }
    ]
  },
  "depthImportant": {
    "buys": [
      {
        "side": "buy",
        "layer": 1,
        "price": 62865.6,
        "qty": 1.1988,
        "cumulative": 1.1988
      },
      {
        "side": "buy",
        "layer": 33,
        "price": 62859.36,
        "qty": 0.09559,
        "cumulative": 2.11788
      },
      {
        "side": "buy",
        "layer": 34,
        "price": 62859.35,
        "qty": 0.22662,
        "cumulative": 1.90213
      },
      {
        "side": "buy",
        "layer": 35,
        "price": 62859.34,
        "qty": 0.12016,
        "cumulative": 2.02229
      },
      {
        "side": "buy",
        "layer": 44,
        "price": 62858.07,
        "qty": 0.47671,
        "cumulative": 1.67551
      },
      {
        "side": "buy",
        "layer": 63,
        "price": 62855.82,
        "qty": 0.59716,
        "cumulative": 8.112549999999999
      },
      {
        "side": "buy",
        "layer": 69,
        "price": 62855.71,
        "qty": 1.19502,
        "cumulative": 6.494159999999999
      },
      {
        "side": "buy",
        "layer": 72,
        "price": 62855.15,
        "qty": 3.18126,
        "cumulative": 5.2991399999999995
      },
      {
        "side": "buy",
        "layer": 77,
        "price": 62854.42,
        "qty": 0.47671,
        "cumulative": 8.58926
      },
      {
        "side": "buy",
        "layer": 93,
        "price": 62852.96,
        "qty": 1.02123,
        "cumulative": 7.515389999999999
      },
      {
        "side": "buy",
        "layer": 112,
        "price": 62850.49,
        "qty": 3.18096,
        "cumulative": 21.316729999999996
      },
      {
        "side": "buy",
        "layer": 143,
        "price": 62846.46,
        "qty": 3.18217,
        "cumulative": 11.771429999999999
      },
      {
        "side": "buy",
        "layer": 161,
        "price": 62843.53,
        "qty": 1.29799,
        "cumulative": 22.614719999999995
      },
      {
        "side": "buy",
        "layer": 167,
        "price": 62842.2,
        "qty": 3.18217,
        "cumulative": 14.953599999999998
      },
      {
        "side": "buy",
        "layer": 187,
        "price": 62838.31,
        "qty": 3.18217,
        "cumulative": 18.135769999999997
      },
      {
        "side": "buy",
        "layer": 216,
        "price": 62833.81,
        "qty": 3.18217,
        "cumulative": 34.63038999999999
      },
      {
        "side": "buy",
        "layer": 263,
        "price": 62826.26,
        "qty": 3.18096,
        "cumulative": 40.99250999999999
      },
      {
        "side": "buy",
        "layer": 397,
        "price": 62804.95,
        "qty": 3.18116,
        "cumulative": 37.81154999999999
      },
      {
        "side": "buy",
        "layer": 455,
        "price": 62791.42,
        "qty": 4.78233,
        "cumulative": 27.397049999999993
      },
      {
        "side": "buy",
        "layer": 472,
        "price": 62788.52,
        "qty": 4.05117,
        "cumulative": 31.448219999999992
      },
      {
        "side": "buy",
        "layer": 634,
        "price": 62758.15,
        "qty": 4.78491,
        "cumulative": 66.68470999999998
      },
      {
        "side": "buy",
        "layer": 766,
        "price": 62735.43,
        "qty": 4.78664,
        "cumulative": 61.899799999999985
      },
      {
        "side": "buy",
        "layer": 889,
        "price": 62712.35,
        "qty": 4.78841,
        "cumulative": 57.113159999999986
      },
      {
        "side": "buy",
        "layer": 903,
        "price": 62709.31,
        "qty": 6.54221,
        "cumulative": 47.534719999999986
      },
      {
        "side": "buy",
        "layer": 985,
        "price": 62691.08,
        "qty": 4.79003,
        "cumulative": 52.32474999999999
      }
    ],
    "sells": [
      {
        "side": "sell",
        "layer": 1,
        "price": 62865.61,
        "qty": 3.42409,
        "cumulative": 3.42409
      },
      {
        "side": "sell",
        "layer": 7,
        "price": 62866.01,
        "qty": 0.83998,
        "cumulative": 4.26407
      },
      {
        "side": "sell",
        "layer": 27,
        "price": 62870,
        "qty": 0.57571,
        "cumulative": 5.52859
      },
      {
        "side": "sell",
        "layer": 38,
        "price": 62872.3,
        "qty": 0.68881,
        "cumulative": 4.95288
      },
      {
        "side": "sell",
        "layer": 47,
        "price": 62873.28,
        "qty": 0.57313,
        "cumulative": 6.10172
      },
      {
        "side": "sell",
        "layer": 51,
        "price": 62873.99,
        "qty": 0.47671,
        "cumulative": 11.51565
      },
      {
        "side": "sell",
        "layer": 52,
        "price": 62874,
        "qty": 0.12472,
        "cumulative": 11.64037
      },
      {
        "side": "sell",
        "layer": 68,
        "price": 62875.99,
        "qty": 1.18297,
        "cumulative": 10.46585
      },
      {
        "side": "sell",
        "layer": 80,
        "price": 62877.27,
        "qty": 3.18116,
        "cumulative": 9.28288
      },
      {
        "side": "sell",
        "layer": 81,
        "price": 62877.28,
        "qty": 0.57309,
        "cumulative": 11.03894
      },
      {
        "side": "sell",
        "layer": 119,
        "price": 62881.67,
        "qty": 2.02839,
        "cumulative": 20.030749999999998
      },
      {
        "side": "sell",
        "layer": 120,
        "price": 62881.68,
        "qty": 3.18103,
        "cumulative": 14.8214
      },
      {
        "side": "sell",
        "layer": 143,
        "price": 62884.75,
        "qty": 1.60294,
        "cumulative": 23.457109999999997
      },
      {
        "side": "sell",
        "layer": 154,
        "price": 62886.37,
        "qty": 3.18096,
        "cumulative": 18.00236
      },
      {
        "side": "sell",
        "layer": 190,
        "price": 62891.35,
        "qty": 1.82342,
        "cumulative": 21.854169999999996
      },
      {
        "side": "sell",
        "layer": 306,
        "price": 62910.42,
        "qty": 4.77328,
        "cumulative": 28.230389999999996
      },
      {
        "side": "sell",
        "layer": 405,
        "price": 62928.62,
        "qty": 3.76427,
        "cumulative": 45.54926999999999
      },
      {
        "side": "sell",
        "layer": 428,
        "price": 62934.17,
        "qty": 4.77153,
        "cumulative": 33.00192
      },
      {
        "side": "sell",
        "layer": 457,
        "price": 62939.14,
        "qty": 4.01266,
        "cumulative": 41.785
      },
      {
        "side": "sell",
        "layer": 500,
        "price": 62949.86,
        "qty": 4.77042,
        "cumulative": 37.77234
      },
      {
        "side": "sell",
        "layer": 546,
        "price": 62960.08,
        "qty": 4.76956,
        "cumulative": 56.57843999999999
      },
      {
        "side": "sell",
        "layer": 575,
        "price": 62966.48,
        "qty": 4.76903,
        "cumulative": 61.347469999999994
      },
      {
        "side": "sell",
        "layer": 583,
        "price": 62968.41,
        "qty": 4.76889,
        "cumulative": 66.11636
      },
      {
        "side": "sell",
        "layer": 623,
        "price": 62979.36,
        "qty": 4.76811,
        "cumulative": 70.88447
      },
      {
        "side": "sell",
        "layer": 772,
        "price": 63018.25,
        "qty": 6.25961,
        "cumulative": 51.808879999999995
      }
    ]
  },
  "updatedAt": 1783336920859
}