{
  "symbol": "btcusdt",
  "timeframe": "1m",
  "candle": {
    "startTime": 1783336440000,
    "open": 62814,
    "high": 62814,
    "low": 62807.68,
    "close": 62807.68,
    "volume": 336,
    "direction": "down",
    "volatility": 6.319999999999709,
    "totalVolume": 336
  },
  "trades": {
    "count": 78264,
    "buyVolume": 175.30440999996983,
    "sellVolume": 188.38114999996682,
    "bigTrades": [
      {
        "price": 62859.14,
        "qty": 1.0194,
        "side": "sell",
        "value": 64078.607316,
        "time": 1783333103521
      },
      {
        "price": 62859.14,
        "qty": 0.98503,
        "side": "sell",
        "value": 61918.138674199996,
        "time": 1783333103792
      },
      {
        "price": 62856,
        "qty": 1.0194,
        "side": "buy",
        "value": 64075.40640000001,
        "time": 1783333143863
      },
      {
        "price": 62837.83,
        "qty": 1.01947,
        "side": "buy",
        "value": 64061.28255010001,
        "time": 1783333252137
      },
      {
        "price": 62876.57,
        "qty": 1.22566,
        "side": "buy",
        "value": 77065.2967862,
        "time": 1783333781160
      },
      {
        "price": 62876.57,
        "qty": 1.18937,
        "side": "buy",
        "value": 74783.5060609,
        "time": 1783333781161
      },
      {
        "price": 62883.53,
        "qty": 1.43429,
        "side": "buy",
        "value": 90193.2182437,
        "time": 1783333781194
      },
      {
        "price": 62883.54,
        "qty": 2.0898,
        "side": "buy",
        "value": 131414.021892,
        "time": 1783333781194
      },
      {
        "price": 62876,
        "qty": 0.96248,
        "side": "sell",
        "value": 60516.89248,
        "time": 1783333894957
      },
      {
        "price": 62882.02,
        "qty": 0.82074,
        "side": "buy",
        "value": 51609.7890948,
        "time": 1783333943400
      },
      {
        "price": 62979.04,
        "qty": 0.95754,
        "side": "sell",
        "value": 60304.949961599996,
        "time": 1783334049589
      },
      {
        "price": 62959.26,
        "qty": 0.80457,
        "side": "sell",
        "value": 50655.1318182,
        "time": 1783334302077
      },
      {
        "price": 62959.26,
        "qty": 1.8,
        "side": "sell",
        "value": 113326.668,
        "time": 1783334302077
      },
      {
        "price": 62959.26,
        "qty": 0.85232,
        "side": "sell",
        "value": 53661.4364832,
        "time": 1783334302078
      },
      {
        "price": 63025,
        "qty": 0.8507,
        "side": "sell",
        "value": 53615.3675,
        "time": 1783334389856
      },
      {
        "price": 63000,
        "qty": 1.01318,
        "side": "sell",
        "value": 63830.34,
        "time": 1783334434959
      },
      {
        "price": 62918.49,
        "qty": 1.0409,
        "side": "buy",
        "value": 65491.856240999994,
        "time": 1783334802646
      },
      {
        "price": 62894,
        "qty": 0.966,
        "side": "sell",
        "value": 60755.604,
        "time": 1783334929433
      },
      {
        "price": 62871.46,
        "qty": 4.21317,
        "side": "sell",
        "value": 264888.14912819996,
        "time": 1783334970246
      },
      {
        "price": 62827.8,
        "qty": 0.9888,
        "side": "buy",
        "value": 62124.12864,
        "time": 1783335003475
      },
      {
        "price": 62827.8,
        "qty": 3.18352,
        "side": "buy",
        "value": 200013.55785600003,
        "time": 1783335003477
      },
      {
        "price": 62833.43,
        "qty": 0.99935,
        "side": "buy",
        "value": 62792.5882705,
        "time": 1783335197280
      },
      {
        "price": 62840.01,
        "qty": 0.8167,
        "side": "buy",
        "value": 51321.436167,
        "time": 1783335224033
      },
      {
        "price": 62820,
        "qty": 3.18369,
        "side": "buy",
        "value": 199999.4058,
        "time": 1783335565420
      },
      {
        "price": 62871.03,
        "qty": 1.36622,
        "side": "sell",
        "value": 85895.6586066,
        "time": 1783335908214
      },
      {
        "price": 62870.71,
        "qty": 0.86668,
        "side": "sell",
        "value": 54488.7869428,
        "time": 1783335926908
      },
      {
        "price": 62870.71,
        "qty": 4.77182,
        "side": "sell",
        "value": 300007.71139219997,
        "time": 1783335928709
      },
      {
        "price": 62864.76,
        "qty": 0.91128,
        "side": "sell",
        "value": 57287.3984928,
        "time": 1783335983408
      },
      {
        "price": 62850.01,
        "qty": 0.84409,
        "side": "buy",
        "value": 53051.0649409,
        "time": 1783335991595
      }
    ]
  },
  "depthImportant": {
    "buys": [
      {
        "side": "buy",
        "layer": 1,
        "price": 62807.68,
        "qty": 2.92183,
        "cumulative": 2.92183
      },
      {
        "side": "buy",
        "layer": 11,
        "price": 62805.01,
        "qty": 0.08816,
        "cumulative": 3.4467199999999996
      },
      {
        "side": "buy",
        "layer": 12,
        "price": 62805,
        "qty": 0.16317,
        "cumulative": 3.085
      },
      {
        "side": "buy",
        "layer": 42,
        "price": 62800,
        "qty": 0.11236,
        "cumulative": 3.3585599999999998
      },
      {
        "side": "buy",
        "layer": 43,
        "price": 62799.98,
        "qty": 0.1612,
        "cumulative": 3.2462
      },
      {
        "side": "buy",
        "layer": 80,
        "price": 62795.91,
        "qty": 0.43127,
        "cumulative": 8.88965
      },
      {
        "side": "buy",
        "layer": 83,
        "price": 62795.83,
        "qty": 1.3504,
        "cumulative": 7.981439999999999
      },
      {
        "side": "buy",
        "layer": 84,
        "price": 62795.82,
        "qty": 3.18432,
        "cumulative": 6.63104
      },
      {
        "side": "buy",
        "layer": 87,
        "price": 62795.7,
        "qty": 0.225,
        "cumulative": 9.11465
      },
      {
        "side": "buy",
        "layer": 100,
        "price": 62793.72,
        "qty": 0.47694,
        "cumulative": 8.45838
      },
      {
        "side": "buy",
        "layer": 101,
        "price": 62793.67,
        "qty": 1.14891,
        "cumulative": 18.78163
      },
      {
        "side": "buy",
        "layer": 119,
        "price": 62790.86,
        "qty": 3.66103,
        "cumulative": 12.77568
      },
      {
        "side": "buy",
        "layer": 122,
        "price": 62790.53,
        "qty": 0.952,
        "cumulative": 19.733629999999998
      },
      {
        "side": "buy",
        "layer": 164,
        "price": 62785.53,
        "qty": 1.67264,
        "cumulative": 17.63272
      },
      {
        "side": "buy",
        "layer": 165,
        "price": 62785.52,
        "qty": 3.1844,
        "cumulative": 15.96008
      },
      {
        "side": "buy",
        "layer": 219,
        "price": 62779.35,
        "qty": 3.1844,
        "cumulative": 26.103219999999997
      },
      {
        "side": "buy",
        "layer": 248,
        "price": 62775.14,
        "qty": 3.1844,
        "cumulative": 29.287619999999997
      },
      {
        "side": "buy",
        "layer": 284,
        "price": 62770.37,
        "qty": 3.18519,
        "cumulative": 22.918819999999997
      },
      {
        "side": "buy",
        "layer": 347,
        "price": 62762.51,
        "qty": 3.184,
        "cumulative": 32.471619999999994
      },
      {
        "side": "buy",
        "layer": 398,
        "price": 62754.55,
        "qty": 3.184,
        "cumulative": 35.65561999999999
      },
      {
        "side": "buy",
        "layer": 666,
        "price": 62712.35,
        "qty": 4.78841,
        "cumulative": 61.31490999999998
      },
      {
        "side": "buy",
        "layer": 826,
        "price": 62680.85,
        "qty": 4.79091,
        "cumulative": 56.526499999999984
      },
      {
        "side": "buy",
        "layer": 887,
        "price": 62666.56,
        "qty": 4.7919,
        "cumulative": 51.73558999999999
      },
      {
        "side": "buy",
        "layer": 913,
        "price": 62660.15,
        "qty": 4.79239,
        "cumulative": 46.94368999999999
      },
      {
        "side": "buy",
        "layer": 940,
        "price": 62655.92,
        "qty": 6.49568,
        "cumulative": 42.15129999999999
      }
    ],
    "sells": [
      {
        "side": "sell",
        "layer": 1,
        "price": 62807.69,
        "qty": 5.78268,
        "cumulative": 5.78268
      },
      {
        "side": "sell",
        "layer": 28,
        "price": 62813.92,
        "qty": 1.49297,
        "cumulative": 12.00022
      },
      {
        "side": "sell",
        "layer": 29,
        "price": 62813.93,
        "qty": 3.18432,
        "cumulative": 8.967
      },
      {
        "side": "sell",
        "layer": 44,
        "price": 62815.67,
        "qty": 0.57366,
        "cumulative": 12.57388
      },
      {
        "side": "sell",
        "layer": 50,
        "price": 62816.65,
        "qty": 1.54025,
        "cumulative": 10.50725
      },
      {
        "side": "sell",
        "layer": 62,
        "price": 62817.82,
        "qty": 3.18432,
        "cumulative": 15.7582
      },
      {
        "side": "sell",
        "layer": 67,
        "price": 62818.32,
        "qty": 0.57363,
        "cumulative": 22.24894
      },
      {
        "side": "sell",
        "layer": 72,
        "price": 62818.94,
        "qty": 1.93623,
        "cumulative": 20.878429999999998
      },
      {
        "side": "sell",
        "layer": 77,
        "price": 62819.69,
        "qty": 0.79688,
        "cumulative": 21.67531
      },
      {
        "side": "sell",
        "layer": 92,
        "price": 62821.79,
        "qty": 3.184,
        "cumulative": 18.9422
      },
      {
        "side": "sell",
        "layer": 116,
        "price": 62825.13,
        "qty": 2.2692,
        "cumulative": 34.07054
      },
      {
        "side": "sell",
        "layer": 139,
        "price": 62827.59,
        "qty": 3.184,
        "cumulative": 28.617340000000002
      },
      {
        "side": "sell",
        "layer": 163,
        "price": 62831.45,
        "qty": 1.75822,
        "cumulative": 35.82876
      },
      {
        "side": "sell",
        "layer": 164,
        "price": 62831.46,
        "qty": 3.184,
        "cumulative": 31.801340000000003
      },
      {
        "side": "sell",
        "layer": 193,
        "price": 62836.51,
        "qty": 3.1844,
        "cumulative": 25.43334
      },
      {
        "side": "sell",
        "layer": 265,
        "price": 62849.6,
        "qty": 3.18471,
        "cumulative": 54.87406
      },
      {
        "side": "sell",
        "layer": 327,
        "price": 62859.67,
        "qty": 3.29855,
        "cumulative": 51.68935
      },
      {
        "side": "sell",
        "layer": 355,
        "price": 62864.23,
        "qty": 4.01934,
        "cumulative": 44.62424
      },
      {
        "side": "sell",
        "layer": 404,
        "price": 62873.36,
        "qty": 4.77614,
        "cumulative": 40.6049
      },
      {
        "side": "sell",
        "layer": 472,
        "price": 62890.44,
        "qty": 3.76656,
        "cumulative": 48.3908
      },
      {
        "side": "sell",
        "layer": 581,
        "price": 62923.83,
        "qty": 4.77231,
        "cumulative": 65.84704
      },
      {
        "side": "sell",
        "layer": 606,
        "price": 62931.32,
        "qty": 4.77174,
        "cumulative": 70.61878
      },
      {
        "side": "sell",
        "layer": 685,
        "price": 62957.04,
        "qty": 4.76979,
        "cumulative": 75.38857
      },
      {
        "side": "sell",
        "layer": 696,
        "price": 62959.13,
        "qty": 6.20067,
        "cumulative": 61.07473
      },
      {
        "side": "sell",
        "layer": 775,
        "price": 62985.23,
        "qty": 4.76776,
        "cumulative": 80.15633
      }
    ]
  },
  "updatedAt": 1783336501085
}