{
  "symbol": "btcusdt",
  "timeframe": "1m",
  "candle": {
    "startTime": 1783322640000,
    "open": 63006,
    "high": 63006.01,
    "low": 63000.15,
    "close": 63000.17,
    "volume": 533,
    "direction": "down",
    "volatility": 5.860000000000582,
    "totalVolume": 533
  },
  "trades": {
    "count": 10898,
    "buyVolume": 51.56967999999851,
    "sellVolume": 26.338530000000762,
    "bigTrades": [
      {
        "price": 62971.93,
        "qty": 0.9125,
        "side": "buy",
        "value": 57461.886125,
        "time": 1783322265457
      },
      {
        "price": 62975,
        "qty": 5.9431,
        "side": "sell",
        "value": 374266.72250000003,
        "time": 1783322323640
      },
      {
        "price": 62988,
        "qty": 0.80412,
        "side": "sell",
        "value": 50649.91056,
        "time": 1783322413832
      },
      {
        "price": 62986.01,
        "qty": 0.91429,
        "side": "buy",
        "value": 57587.479082900005,
        "time": 1783322417397
      },
      {
        "price": 62986.01,
        "qty": 0.80276,
        "side": "buy",
        "value": 50562.6493876,
        "time": 1783322417397
      },
      {
        "price": 62986.01,
        "qty": 1.90325,
        "side": "buy",
        "value": 119878.12353250002,
        "time": 1783322417397
      },
      {
        "price": 62986.11,
        "qty": 0.8797,
        "side": "buy",
        "value": 55408.880967000005,
        "time": 1783322448705
      },
      {
        "price": 62986.11,
        "qty": 1.10554,
        "side": "buy",
        "value": 69633.6640494,
        "time": 1783322448707
      },
      {
        "price": 62976.01,
        "qty": 0.85195,
        "side": "buy",
        "value": 53652.4117195,
        "time": 1783322478452
      },
      {
        "price": 62990.01,
        "qty": 1.00001,
        "side": "buy",
        "value": 62990.6399001,
        "time": 1783322483495
      },
      {
        "price": 63000,
        "qty": 0.87275,
        "side": "buy",
        "value": 54983.25,
        "time": 1783322495077
      },
      {
        "price": 63022.15,
        "qty": 1.10502,
        "side": "buy",
        "value": 69640.73619299999,
        "time": 1783322541954
      },
      {
        "price": 63000.16,
        "qty": 0.802,
        "side": "buy",
        "value": 50526.12832,
        "time": 1783322658223
      }
    ]
  },
  "depthImportant": {
    "buys": [
      {
        "side": "buy",
        "layer": 1,
        "price": 63000.16,
        "qty": 3.15598,
        "cumulative": 3.15598
      },
      {
        "side": "buy",
        "layer": 6,
        "price": 63000,
        "qty": 3.09997,
        "cumulative": 6.25595
      },
      {
        "side": "buy",
        "layer": 33,
        "price": 62995.02,
        "qty": 0.07051,
        "cumulative": 6.53311
      },
      {
        "side": "buy",
        "layer": 35,
        "price": 62994.99,
        "qty": 0.09527,
        "cumulative": 6.4626
      },
      {
        "side": "buy",
        "layer": 48,
        "price": 62993.67,
        "qty": 0.11138,
        "cumulative": 6.36733
      },
      {
        "side": "buy",
        "layer": 77,
        "price": 62990.3,
        "qty": 0.46493,
        "cumulative": 8.28993
      },
      {
        "side": "buy",
        "layer": 86,
        "price": 62989.66,
        "qty": 0.38096,
        "cumulative": 8.67089
      },
      {
        "side": "buy",
        "layer": 96,
        "price": 62988.46,
        "qty": 0.4936,
        "cumulative": 7.824999999999999
      },
      {
        "side": "buy",
        "layer": 99,
        "price": 62988.09,
        "qty": 0.79829,
        "cumulative": 7.3313999999999995
      },
      {
        "side": "buy",
        "layer": 100,
        "price": 62988.08,
        "qty": 0.225,
        "cumulative": 8.89589
      },
      {
        "side": "buy",
        "layer": 110,
        "price": 62987.18,
        "qty": 1.90334,
        "cumulative": 15.17671
      },
      {
        "side": "buy",
        "layer": 138,
        "price": 62983.07,
        "qty": 1.084,
        "cumulative": 17.861169999999998
      },
      {
        "side": "buy",
        "layer": 145,
        "price": 62982.14,
        "qty": 2.18874,
        "cumulative": 11.08463
      },
      {
        "side": "buy",
        "layer": 146,
        "price": 62982.13,
        "qty": 1.60046,
        "cumulative": 16.777169999999998
      },
      {
        "side": "buy",
        "layer": 176,
        "price": 62977.59,
        "qty": 2.18874,
        "cumulative": 13.27337
      },
      {
        "side": "buy",
        "layer": 205,
        "price": 62972.73,
        "qty": 3.30431,
        "cumulative": 43.80659
      },
      {
        "side": "buy",
        "layer": 213,
        "price": 62971.99,
        "qty": 7.56153,
        "cumulative": 25.4227
      },
      {
        "side": "buy",
        "layer": 317,
        "price": 62956.27,
        "qty": 3.76262,
        "cumulative": 40.50228
      },
      {
        "side": "buy",
        "layer": 346,
        "price": 62952.04,
        "qty": 6.54522,
        "cumulative": 31.96792
      },
      {
        "side": "buy",
        "layer": 430,
        "price": 62934.67,
        "qty": 4.77174,
        "cumulative": 36.73966
      },
      {
        "side": "buy",
        "layer": 907,
        "price": 60000,
        "qty": 619.18662,
        "cumulative": 662.99321
      },
      {
        "side": "buy",
        "layer": 940,
        "price": 57000,
        "qty": 254.12891,
        "cumulative": 1794.1872699999997
      },
      {
        "side": "buy",
        "layer": 976,
        "price": 55000,
        "qty": 593.11565,
        "cumulative": 1256.1088599999998
      },
      {
        "side": "buy",
        "layer": 977,
        "price": 54000,
        "qty": 283.9495,
        "cumulative": 1540.0583599999998
      },
      {
        "side": "buy",
        "layer": 981,
        "price": 52000,
        "qty": 241.75077,
        "cumulative": 2035.9380399999995
      }
    ],
    "sells": [
      {
        "side": "sell",
        "layer": 1,
        "price": 63000.17,
        "qty": 2.71935,
        "cumulative": 2.71935
      },
      {
        "side": "sell",
        "layer": 9,
        "price": 63000.98,
        "qty": 0.10074,
        "cumulative": 6.435830000000001
      },
      {
        "side": "sell",
        "layer": 31,
        "price": 63005.33,
        "qty": 0.85533,
        "cumulative": 5.858890000000001
      },
      {
        "side": "sell",
        "layer": 32,
        "price": 63005.34,
        "qty": 2.28421,
        "cumulative": 5.00356
      },
      {
        "side": "sell",
        "layer": 33,
        "price": 63005.39,
        "qty": 0.4762,
        "cumulative": 6.335090000000001
      },
      {
        "side": "sell",
        "layer": 68,
        "price": 63010.31,
        "qty": 0.4956,
        "cumulative": 12.335890000000001
      },
      {
        "side": "sell",
        "layer": 69,
        "price": 63010.32,
        "qty": 1.26595,
        "cumulative": 9.605030000000001
      },
      {
        "side": "sell",
        "layer": 70,
        "price": 63010.33,
        "qty": 1.90325,
        "cumulative": 8.339080000000001
      },
      {
        "side": "sell",
        "layer": 93,
        "price": 63012.65,
        "qty": 1.1053,
        "cumulative": 11.840290000000001
      },
      {
        "side": "sell",
        "layer": 98,
        "price": 63013.1,
        "qty": 1.12996,
        "cumulative": 10.734990000000002
      },
      {
        "side": "sell",
        "layer": 109,
        "price": 63014.42,
        "qty": 1.90325,
        "cumulative": 18.80891
      },
      {
        "side": "sell",
        "layer": 137,
        "price": 63018.23,
        "qty": 2.66494,
        "cumulative": 15.00083
      },
      {
        "side": "sell",
        "layer": 169,
        "price": 63022.2,
        "qty": 1.90483,
        "cumulative": 16.90566
      },
      {
        "side": "sell",
        "layer": 188,
        "price": 63026,
        "qty": 1.02221,
        "cumulative": 21.734370000000002
      },
      {
        "side": "sell",
        "layer": 189,
        "price": 63026.01,
        "qty": 1.90325,
        "cumulative": 20.71216
      },
      {
        "side": "sell",
        "layer": 212,
        "price": 63030,
        "qty": 1.93751,
        "cumulative": 33.820190000000004
      },
      {
        "side": "sell",
        "layer": 239,
        "price": 63034.31,
        "qty": 1.90325,
        "cumulative": 35.723440000000004
      },
      {
        "side": "sell",
        "layer": 490,
        "price": 63094.94,
        "qty": 2.7048,
        "cumulative": 31.88268
      },
      {
        "side": "sell",
        "layer": 491,
        "price": 63094.95,
        "qty": 3.68926,
        "cumulative": 29.177880000000002
      },
      {
        "side": "sell",
        "layer": 498,
        "price": 63096.57,
        "qty": 3.75425,
        "cumulative": 25.48862
      },
      {
        "side": "sell",
        "layer": 843,
        "price": 65000,
        "qty": 71.56978,
        "cumulative": 474.75975000000005
      },
      {
        "side": "sell",
        "layer": 855,
        "price": 67000,
        "qty": 89.25454,
        "cumulative": 314.77776000000006
      },
      {
        "side": "sell",
        "layer": 857,
        "price": 68000,
        "qty": 97.32828,
        "cumulative": 133.05172000000002
      },
      {
        "side": "sell",
        "layer": 863,
        "price": 70000,
        "qty": 92.4715,
        "cumulative": 225.52322000000004
      },
      {
        "side": "sell",
        "layer": 870,
        "price": 100000,
        "qty": 88.41221,
        "cumulative": 403.1899700000001
      }
    ]
  },
  "updatedAt": 1783322700315
}