{
  "symbol": "btcusdt",
  "timeframe": "1m",
  "candle": {
    "startTime": 1783336800000,
    "open": 62859.99,
    "high": 62860,
    "low": 62850,
    "close": 62850.01,
    "volume": 577,
    "direction": "down",
    "volatility": 10,
    "totalVolume": 577
  },
  "trades": {
    "count": 83859,
    "buyVolume": 199.3259799999671,
    "sellVolume": 201.43474999996457,
    "bigTrades": [
      {
        "price": 62859.14,
        "qty": 1.0194,
        "side": "sell",
        "value": 64078.607316,
        "time": 1783333103521
      },
      {
        "price": 62859.14,
        "qty": 0.98503,
        "side": "sell",
        "value": 61918.138674199996,
        "time": 1783333103792
      },
      {
        "price": 62856,
        "qty": 1.0194,
        "side": "buy",
        "value": 64075.40640000001,
        "time": 1783333143863
      },
      {
        "price": 62837.83,
        "qty": 1.01947,
        "side": "buy",
        "value": 64061.28255010001,
        "time": 1783333252137
      },
      {
        "price": 62876.57,
        "qty": 1.22566,
        "side": "buy",
        "value": 77065.2967862,
        "time": 1783333781160
      },
      {
        "price": 62876.57,
        "qty": 1.18937,
        "side": "buy",
        "value": 74783.5060609,
        "time": 1783333781161
      },
      {
        "price": 62883.53,
        "qty": 1.43429,
        "side": "buy",
        "value": 90193.2182437,
        "time": 1783333781194
      },
      {
        "price": 62883.54,
        "qty": 2.0898,
        "side": "buy",
        "value": 131414.021892,
        "time": 1783333781194
      },
      {
        "price": 62876,
        "qty": 0.96248,
        "side": "sell",
        "value": 60516.89248,
        "time": 1783333894957
      },
      {
        "price": 62882.02,
        "qty": 0.82074,
        "side": "buy",
        "value": 51609.7890948,
        "time": 1783333943400
      },
      {
        "price": 62979.04,
        "qty": 0.95754,
        "side": "sell",
        "value": 60304.949961599996,
        "time": 1783334049589
      },
      {
        "price": 62959.26,
        "qty": 0.80457,
        "side": "sell",
        "value": 50655.1318182,
        "time": 1783334302077
      },
      {
        "price": 62959.26,
        "qty": 1.8,
        "side": "sell",
        "value": 113326.668,
        "time": 1783334302077
      },
      {
        "price": 62959.26,
        "qty": 0.85232,
        "side": "sell",
        "value": 53661.4364832,
        "time": 1783334302078
      },
      {
        "price": 63025,
        "qty": 0.8507,
        "side": "sell",
        "value": 53615.3675,
        "time": 1783334389856
      },
      {
        "price": 63000,
        "qty": 1.01318,
        "side": "sell",
        "value": 63830.34,
        "time": 1783334434959
      },
      {
        "price": 62918.49,
        "qty": 1.0409,
        "side": "buy",
        "value": 65491.856240999994,
        "time": 1783334802646
      },
      {
        "price": 62894,
        "qty": 0.966,
        "side": "sell",
        "value": 60755.604,
        "time": 1783334929433
      },
      {
        "price": 62871.46,
        "qty": 4.21317,
        "side": "sell",
        "value": 264888.14912819996,
        "time": 1783334970246
      },
      {
        "price": 62827.8,
        "qty": 0.9888,
        "side": "buy",
        "value": 62124.12864,
        "time": 1783335003475
      },
      {
        "price": 62827.8,
        "qty": 3.18352,
        "side": "buy",
        "value": 200013.55785600003,
        "time": 1783335003477
      },
      {
        "price": 62833.43,
        "qty": 0.99935,
        "side": "buy",
        "value": 62792.5882705,
        "time": 1783335197280
      },
      {
        "price": 62840.01,
        "qty": 0.8167,
        "side": "buy",
        "value": 51321.436167,
        "time": 1783335224033
      },
      {
        "price": 62820,
        "qty": 3.18369,
        "side": "buy",
        "value": 199999.4058,
        "time": 1783335565420
      },
      {
        "price": 62871.03,
        "qty": 1.36622,
        "side": "sell",
        "value": 85895.6586066,
        "time": 1783335908214
      },
      {
        "price": 62870.71,
        "qty": 0.86668,
        "side": "sell",
        "value": 54488.7869428,
        "time": 1783335926908
      },
      {
        "price": 62870.71,
        "qty": 4.77182,
        "side": "sell",
        "value": 300007.71139219997,
        "time": 1783335928709
      },
      {
        "price": 62864.76,
        "qty": 0.91128,
        "side": "sell",
        "value": 57287.3984928,
        "time": 1783335983408
      },
      {
        "price": 62850.01,
        "qty": 0.84409,
        "side": "buy",
        "value": 53051.0649409,
        "time": 1783335991595
      },
      {
        "price": 62819.85,
        "qty": 0.87148,
        "side": "sell",
        "value": 54746.242878,
        "time": 1783336539602
      },
      {
        "price": 62819.85,
        "qty": 1.1893,
        "side": "sell",
        "value": 74711.647605,
        "time": 1783336539603
      },
      {
        "price": 62807.68,
        "qty": 0.83728,
        "side": "sell",
        "value": 52587.6143104,
        "time": 1783336572523
      },
      {
        "price": 62800,
        "qty": 1.13713,
        "side": "buy",
        "value": 71411.764,
        "time": 1783336689607
      },
      {
        "price": 62819.85,
        "qty": 1.18931,
        "side": "buy",
        "value": 74712.2758035,
        "time": 1783336751623
      },
      {
        "price": 62835.04,
        "qty": 1.20917,
        "side": "buy",
        "value": 75978.2453168,
        "time": 1783336781936
      },
      {
        "price": 62835.05,
        "qty": 3.18369,
        "side": "buy",
        "value": 200047.3203345,
        "time": 1783336781937
      },
      {
        "price": 62838.85,
        "qty": 1.29174,
        "side": "buy",
        "value": 81171.456099,
        "time": 1783336781941
      }
    ]
  },
  "depthImportant": {
    "buys": [
      {
        "side": "buy",
        "layer": 1,
        "price": 62850,
        "qty": 2.49597,
        "cumulative": 5.67814
      },
      {
        "side": "buy",
        "layer": 32,
        "price": 62843.55,
        "qty": 0.59729,
        "cumulative": 7.644480000000001
      },
      {
        "side": "buy",
        "layer": 34,
        "price": 62843.53,
        "qty": 1.36905,
        "cumulative": 7.0471900000000005
      },
      {
        "side": "buy",
        "layer": 35,
        "price": 62843.52,
        "qty": 3.18217,
        "cumulative": 3.18217
      },
      {
        "side": "buy",
        "layer": 37,
        "price": 62843.48,
        "qty": 0.47679,
        "cumulative": 8.12127
      },
      {
        "side": "buy",
        "layer": 51,
        "price": 62840.83,
        "qty": 0.47671,
        "cumulative": 13.700130000000003
      },
      {
        "side": "buy",
        "layer": 52,
        "price": 62840.81,
        "qty": 1.29663,
        "cumulative": 12.600070000000002
      },
      {
        "side": "buy",
        "layer": 72,
        "price": 62838.31,
        "qty": 3.18217,
        "cumulative": 11.303440000000002
      },
      {
        "side": "buy",
        "layer": 86,
        "price": 62836.28,
        "qty": 0.62335,
        "cumulative": 13.223420000000003
      },
      {
        "side": "buy",
        "layer": 89,
        "price": 62836.21,
        "qty": 0.47671,
        "cumulative": 14.176840000000004
      },
      {
        "side": "buy",
        "layer": 111,
        "price": 62833.81,
        "qty": 3.18217,
        "cumulative": 27.383970000000005
      },
      {
        "side": "buy",
        "layer": 129,
        "price": 62830.2,
        "qty": 1.26127,
        "cumulative": 28.645240000000005
      },
      {
        "side": "buy",
        "layer": 135,
        "price": 62829.24,
        "qty": 3.18269,
        "cumulative": 24.201800000000006
      },
      {
        "side": "buy",
        "layer": 160,
        "price": 62825.18,
        "qty": 3.6594,
        "cumulative": 17.836240000000004
      },
      {
        "side": "buy",
        "layer": 198,
        "price": 62820.49,
        "qty": 3.18287,
        "cumulative": 21.019110000000005
      },
      {
        "side": "buy",
        "layer": 223,
        "price": 62816.46,
        "qty": 3.1836,
        "cumulative": 35.880010000000006
      },
      {
        "side": "buy",
        "layer": 248,
        "price": 62812.34,
        "qty": 3.18177,
        "cumulative": 42.243950000000005
      },
      {
        "side": "buy",
        "layer": 287,
        "price": 62805.1,
        "qty": 3.18167,
        "cumulative": 45.42562
      },
      {
        "side": "buy",
        "layer": 322,
        "price": 62797.55,
        "qty": 3.18217,
        "cumulative": 39.062180000000005
      },
      {
        "side": "buy",
        "layer": 379,
        "price": 62788.52,
        "qty": 4.05117,
        "cumulative": 32.69641000000001
      },
      {
        "side": "buy",
        "layer": 678,
        "price": 62735.43,
        "qty": 4.78664,
        "cumulative": 71.14716000000001
      },
      {
        "side": "buy",
        "layer": 811,
        "price": 62712.35,
        "qty": 4.78841,
        "cumulative": 66.36052000000001
      },
      {
        "side": "buy",
        "layer": 890,
        "price": 62697.68,
        "qty": 6.56635,
        "cumulative": 51.99197
      },
      {
        "side": "buy",
        "layer": 912,
        "price": 62691.08,
        "qty": 4.79003,
        "cumulative": 61.57211
      },
      {
        "side": "buy",
        "layer": 918,
        "price": 62690.04,
        "qty": 4.79011,
        "cumulative": 56.78208
      }
    ],
    "sells": [
      {
        "side": "sell",
        "layer": 1,
        "price": 62850.01,
        "qty": 2.08929,
        "cumulative": 2.08929
      },
      {
        "side": "sell",
        "layer": 6,
        "price": 62850.06,
        "qty": 0.21368,
        "cumulative": 2.82913
      },
      {
        "side": "sell",
        "layer": 7,
        "price": 62850.07,
        "qty": 0.52616,
        "cumulative": 2.61545
      },
      {
        "side": "sell",
        "layer": 9,
        "price": 62850.73,
        "qty": 0.107,
        "cumulative": 3.0571300000000003
      },
      {
        "side": "sell",
        "layer": 38,
        "price": 62854.64,
        "qty": 0.121,
        "cumulative": 2.95013
      },
      {
        "side": "sell",
        "layer": 58,
        "price": 62856.68,
        "qty": 0.47671,
        "cumulative": 5.68427
      },
      {
        "side": "sell",
        "layer": 59,
        "price": 62856.69,
        "qty": 0.49182,
        "cumulative": 5.20756
      },
      {
        "side": "sell",
        "layer": 60,
        "price": 62856.7,
        "qty": 0.57328,
        "cumulative": 3.6304100000000004
      },
      {
        "side": "sell",
        "layer": 85,
        "price": 62859.72,
        "qty": 0.51207,
        "cumulative": 4.71574
      },
      {
        "side": "sell",
        "layer": 87,
        "price": 62859.78,
        "qty": 0.57326,
        "cumulative": 4.203670000000001
      },
      {
        "side": "sell",
        "layer": 123,
        "price": 62862.94,
        "qty": 1.78926,
        "cumulative": 13.83787
      },
      {
        "side": "sell",
        "layer": 142,
        "price": 62865.64,
        "qty": 3.18217,
        "cumulative": 8.86644
      },
      {
        "side": "sell",
        "layer": 154,
        "price": 62867.57,
        "qty": 1.60338,
        "cumulative": 17.18157
      },
      {
        "side": "sell",
        "layer": 167,
        "price": 62869.73,
        "qty": 1.74032,
        "cumulative": 15.578190000000001
      },
      {
        "side": "sell",
        "layer": 177,
        "price": 62871.46,
        "qty": 3.18217,
        "cumulative": 12.04861
      },
      {
        "side": "sell",
        "layer": 216,
        "price": 62876.97,
        "qty": 3.65888,
        "cumulative": 33.39394
      },
      {
        "side": "sell",
        "layer": 297,
        "price": 62891.4,
        "qty": 3.65888,
        "cumulative": 37.05282
      },
      {
        "side": "sell",
        "layer": 409,
        "price": 62910.51,
        "qty": 4.77332,
        "cumulative": 21.95489
      },
      {
        "side": "sell",
        "layer": 424,
        "price": 62914.1,
        "qty": 3.76514,
        "cumulative": 29.735059999999997
      },
      {
        "side": "sell",
        "layer": 428,
        "price": 62915.3,
        "qty": 4.01503,
        "cumulative": 25.96992
      },
      {
        "side": "sell",
        "layer": 512,
        "price": 62934.17,
        "qty": 4.77153,
        "cumulative": 48.08396
      },
      {
        "side": "sell",
        "layer": 571,
        "price": 62949.86,
        "qty": 4.77042,
        "cumulative": 52.85438
      },
      {
        "side": "sell",
        "layer": 617,
        "price": 62959.62,
        "qty": 4.76955,
        "cumulative": 62.39349
      },
      {
        "side": "sell",
        "layer": 619,
        "price": 62960.08,
        "qty": 4.76956,
        "cumulative": 57.62394
      },
      {
        "side": "sell",
        "layer": 771,
        "price": 63005.61,
        "qty": 6.25961,
        "cumulative": 43.31243
      }
    ]
  },
  "updatedAt": 1783336860835
}