{
  "symbol": "btcusdt",
  "timeframe": "1m",
  "candle": {
    "startTime": 1783336320000,
    "open": 62811.9,
    "high": 62811.91,
    "low": 62800,
    "close": 62810,
    "volume": 841,
    "direction": "down",
    "volatility": 11.910000000003492,
    "totalVolume": 841
  },
  "trades": {
    "count": 77267,
    "buyVolume": 173.8811499999702,
    "sellVolume": 186.7204199999673,
    "bigTrades": [
      {
        "price": 62859.14,
        "qty": 1.0194,
        "side": "sell",
        "value": 64078.607316,
        "time": 1783333103521
      },
      {
        "price": 62859.14,
        "qty": 0.98503,
        "side": "sell",
        "value": 61918.138674199996,
        "time": 1783333103792
      },
      {
        "price": 62856,
        "qty": 1.0194,
        "side": "buy",
        "value": 64075.40640000001,
        "time": 1783333143863
      },
      {
        "price": 62837.83,
        "qty": 1.01947,
        "side": "buy",
        "value": 64061.28255010001,
        "time": 1783333252137
      },
      {
        "price": 62876.57,
        "qty": 1.22566,
        "side": "buy",
        "value": 77065.2967862,
        "time": 1783333781160
      },
      {
        "price": 62876.57,
        "qty": 1.18937,
        "side": "buy",
        "value": 74783.5060609,
        "time": 1783333781161
      },
      {
        "price": 62883.53,
        "qty": 1.43429,
        "side": "buy",
        "value": 90193.2182437,
        "time": 1783333781194
      },
      {
        "price": 62883.54,
        "qty": 2.0898,
        "side": "buy",
        "value": 131414.021892,
        "time": 1783333781194
      },
      {
        "price": 62876,
        "qty": 0.96248,
        "side": "sell",
        "value": 60516.89248,
        "time": 1783333894957
      },
      {
        "price": 62882.02,
        "qty": 0.82074,
        "side": "buy",
        "value": 51609.7890948,
        "time": 1783333943400
      },
      {
        "price": 62979.04,
        "qty": 0.95754,
        "side": "sell",
        "value": 60304.949961599996,
        "time": 1783334049589
      },
      {
        "price": 62959.26,
        "qty": 0.80457,
        "side": "sell",
        "value": 50655.1318182,
        "time": 1783334302077
      },
      {
        "price": 62959.26,
        "qty": 1.8,
        "side": "sell",
        "value": 113326.668,
        "time": 1783334302077
      },
      {
        "price": 62959.26,
        "qty": 0.85232,
        "side": "sell",
        "value": 53661.4364832,
        "time": 1783334302078
      },
      {
        "price": 63025,
        "qty": 0.8507,
        "side": "sell",
        "value": 53615.3675,
        "time": 1783334389856
      },
      {
        "price": 63000,
        "qty": 1.01318,
        "side": "sell",
        "value": 63830.34,
        "time": 1783334434959
      },
      {
        "price": 62918.49,
        "qty": 1.0409,
        "side": "buy",
        "value": 65491.856240999994,
        "time": 1783334802646
      },
      {
        "price": 62894,
        "qty": 0.966,
        "side": "sell",
        "value": 60755.604,
        "time": 1783334929433
      },
      {
        "price": 62871.46,
        "qty": 4.21317,
        "side": "sell",
        "value": 264888.14912819996,
        "time": 1783334970246
      },
      {
        "price": 62827.8,
        "qty": 0.9888,
        "side": "buy",
        "value": 62124.12864,
        "time": 1783335003475
      },
      {
        "price": 62827.8,
        "qty": 3.18352,
        "side": "buy",
        "value": 200013.55785600003,
        "time": 1783335003477
      },
      {
        "price": 62833.43,
        "qty": 0.99935,
        "side": "buy",
        "value": 62792.5882705,
        "time": 1783335197280
      },
      {
        "price": 62840.01,
        "qty": 0.8167,
        "side": "buy",
        "value": 51321.436167,
        "time": 1783335224033
      },
      {
        "price": 62820,
        "qty": 3.18369,
        "side": "buy",
        "value": 199999.4058,
        "time": 1783335565420
      },
      {
        "price": 62871.03,
        "qty": 1.36622,
        "side": "sell",
        "value": 85895.6586066,
        "time": 1783335908214
      },
      {
        "price": 62870.71,
        "qty": 0.86668,
        "side": "sell",
        "value": 54488.7869428,
        "time": 1783335926908
      },
      {
        "price": 62870.71,
        "qty": 4.77182,
        "side": "sell",
        "value": 300007.71139219997,
        "time": 1783335928709
      },
      {
        "price": 62864.76,
        "qty": 0.91128,
        "side": "sell",
        "value": 57287.3984928,
        "time": 1783335983408
      },
      {
        "price": 62850.01,
        "qty": 0.84409,
        "side": "buy",
        "value": 53051.0649409,
        "time": 1783335991595
      }
    ]
  },
  "depthImportant": {
    "buys": [
      {
        "side": "buy",
        "layer": 1,
        "price": 62809.99,
        "qty": 2.73333,
        "cumulative": 2.73333
      },
      {
        "side": "buy",
        "layer": 20,
        "price": 62806.58,
        "qty": 0.30541,
        "cumulative": 4.83431
      },
      {
        "side": "buy",
        "layer": 25,
        "price": 62806.01,
        "qty": 0.3,
        "cumulative": 5.13431
      },
      {
        "side": "buy",
        "layer": 48,
        "price": 62802.02,
        "qty": 0.43123,
        "cumulative": 4.5289
      },
      {
        "side": "buy",
        "layer": 50,
        "price": 62801.99,
        "qty": 1.36434,
        "cumulative": 4.09767
      },
      {
        "side": "buy",
        "layer": 59,
        "price": 62800.01,
        "qty": 0.47733,
        "cumulative": 10.181670000000002
      },
      {
        "side": "buy",
        "layer": 60,
        "price": 62800,
        "qty": 3.33,
        "cumulative": 8.464310000000001
      },
      {
        "side": "buy",
        "layer": 71,
        "price": 62798.31,
        "qty": 0.66619,
        "cumulative": 9.130500000000001
      },
      {
        "side": "buy",
        "layer": 86,
        "price": 62796.99,
        "qty": 0.47671,
        "cumulative": 10.658380000000003
      },
      {
        "side": "buy",
        "layer": 96,
        "price": 62795.75,
        "qty": 0.57384,
        "cumulative": 9.704340000000002
      },
      {
        "side": "buy",
        "layer": 114,
        "price": 62793.6,
        "qty": 2.09875,
        "cumulative": 22.30797
      },
      {
        "side": "buy",
        "layer": 115,
        "price": 62793.59,
        "qty": 3.18471,
        "cumulative": 13.843090000000004
      },
      {
        "side": "buy",
        "layer": 135,
        "price": 62790.53,
        "qty": 1.36523,
        "cumulative": 23.6732
      },
      {
        "side": "buy",
        "layer": 140,
        "price": 62789.32,
        "qty": 3.18471,
        "cumulative": 17.027800000000003
      },
      {
        "side": "buy",
        "layer": 179,
        "price": 62784.91,
        "qty": 3.18142,
        "cumulative": 20.209220000000002
      },
      {
        "side": "buy",
        "layer": 230,
        "price": 62778.06,
        "qty": 3.18217,
        "cumulative": 41.193290000000005
      },
      {
        "side": "buy",
        "layer": 315,
        "price": 62764.9,
        "qty": 3.18303,
        "cumulative": 38.011120000000005
      },
      {
        "side": "buy",
        "layer": 361,
        "price": 62757.78,
        "qty": 3.1843,
        "cumulative": 31.643790000000003
      },
      {
        "side": "buy",
        "layer": 427,
        "price": 62749.82,
        "qty": 3.1843,
        "cumulative": 34.82809
      },
      {
        "side": "buy",
        "layer": 494,
        "price": 62740.03,
        "qty": 4.78629,
        "cumulative": 28.459490000000002
      },
      {
        "side": "buy",
        "layer": 659,
        "price": 62712.35,
        "qty": 4.78841,
        "cumulative": 67.00072
      },
      {
        "side": "buy",
        "layer": 817,
        "price": 62680.85,
        "qty": 4.79091,
        "cumulative": 62.21231
      },
      {
        "side": "buy",
        "layer": 899,
        "price": 62661.61,
        "qty": 6.64279,
        "cumulative": 47.83608
      },
      {
        "side": "buy",
        "layer": 920,
        "price": 62656.84,
        "qty": 4.79265,
        "cumulative": 57.421400000000006
      },
      {
        "side": "buy",
        "layer": 922,
        "price": 62656.5,
        "qty": 4.79267,
        "cumulative": 52.628750000000004
      }
    ],
    "sells": [
      {
        "side": "sell",
        "layer": 1,
        "price": 62810,
        "qty": 2.43394,
        "cumulative": 2.43394
      },
      {
        "side": "sell",
        "layer": 32,
        "price": 62815.38,
        "qty": 0.2018,
        "cumulative": 3.8229100000000003
      },
      {
        "side": "sell",
        "layer": 34,
        "price": 62815.5,
        "qty": 0.38413,
        "cumulative": 3.2947800000000003
      },
      {
        "side": "sell",
        "layer": 35,
        "price": 62815.51,
        "qty": 0.47671,
        "cumulative": 2.9106500000000004
      },
      {
        "side": "sell",
        "layer": 41,
        "price": 62815.96,
        "qty": 0.32633,
        "cumulative": 3.6211100000000003
      },
      {
        "side": "sell",
        "layer": 74,
        "price": 62819.09,
        "qty": 2.09543,
        "cumulative": 9.102540000000001
      },
      {
        "side": "sell",
        "layer": 75,
        "price": 62819.1,
        "qty": 0.47671,
        "cumulative": 11.757420000000002
      },
      {
        "side": "sell",
        "layer": 87,
        "price": 62821.2,
        "qty": 0.57361,
        "cumulative": 11.280710000000001
      },
      {
        "side": "sell",
        "layer": 89,
        "price": 62821.22,
        "qty": 1.60456,
        "cumulative": 10.7071
      },
      {
        "side": "sell",
        "layer": 94,
        "price": 62821.98,
        "qty": 3.1842,
        "cumulative": 7.007110000000001
      },
      {
        "side": "sell",
        "layer": 121,
        "price": 62825.23,
        "qty": 1.52333,
        "cumulative": 24.369750000000003
      },
      {
        "side": "sell",
        "layer": 128,
        "price": 62825.86,
        "qty": 3.1843,
        "cumulative": 18.12627
      },
      {
        "side": "sell",
        "layer": 153,
        "price": 62829.98,
        "qty": 3.18455,
        "cumulative": 14.941970000000001
      },
      {
        "side": "sell",
        "layer": 166,
        "price": 62831.99,
        "qty": 1.53676,
        "cumulative": 22.846420000000002
      },
      {
        "side": "sell",
        "layer": 177,
        "price": 62833.83,
        "qty": 3.18339,
        "cumulative": 21.30966
      },
      {
        "side": "sell",
        "layer": 268,
        "price": 62849.6,
        "qty": 3.18471,
        "cumulative": 44.89564000000001
      },
      {
        "side": "sell",
        "layer": 286,
        "price": 62853.28,
        "qty": 3.76878,
        "cumulative": 41.710930000000005
      },
      {
        "side": "sell",
        "layer": 345,
        "price": 62862.99,
        "qty": 4.77701,
        "cumulative": 29.146760000000004
      },
      {
        "side": "sell",
        "layer": 353,
        "price": 62864.23,
        "qty": 4.01934,
        "cumulative": 37.942150000000005
      },
      {
        "side": "sell",
        "layer": 400,
        "price": 62874.59,
        "qty": 4.77605,
        "cumulative": 33.922810000000005
      },
      {
        "side": "sell",
        "layer": 577,
        "price": 62923.83,
        "qty": 4.77231,
        "cumulative": 55.86862000000001
      },
      {
        "side": "sell",
        "layer": 684,
        "price": 62957.04,
        "qty": 4.76979,
        "cumulative": 60.63841000000001
      },
      {
        "side": "sell",
        "layer": 713,
        "price": 62965.16,
        "qty": 6.20067,
        "cumulative": 51.09631000000001
      },
      {
        "side": "sell",
        "layer": 776,
        "price": 62985.23,
        "qty": 4.76776,
        "cumulative": 65.40617
      },
      {
        "side": "sell",
        "layer": 884,
        "price": 63019.22,
        "qty": 4.7652,
        "cumulative": 70.17137
      }
    ]
  },
  "updatedAt": 1783336380504
}