{
  "symbol": "btcusdt",
  "timeframe": "1m",
  "candle": {
    "startTime": 1783335240000,
    "open": 62838.01,
    "high": 62838.01,
    "low": 62822,
    "close": 62822.01,
    "volume": 673,
    "direction": "down",
    "volatility": 16.010000000002037,
    "totalVolume": 673
  },
  "trades": {
    "count": 57276,
    "buyVolume": 121.25102999998049,
    "sellVolume": 148.7542799999786,
    "bigTrades": [
      {
        "price": 62859.14,
        "qty": 1.0194,
        "side": "sell",
        "value": 64078.607316,
        "time": 1783333103521
      },
      {
        "price": 62859.14,
        "qty": 0.98503,
        "side": "sell",
        "value": 61918.138674199996,
        "time": 1783333103792
      },
      {
        "price": 62856,
        "qty": 1.0194,
        "side": "buy",
        "value": 64075.40640000001,
        "time": 1783333143863
      },
      {
        "price": 62837.83,
        "qty": 1.01947,
        "side": "buy",
        "value": 64061.28255010001,
        "time": 1783333252137
      },
      {
        "price": 62876.57,
        "qty": 1.22566,
        "side": "buy",
        "value": 77065.2967862,
        "time": 1783333781160
      },
      {
        "price": 62876.57,
        "qty": 1.18937,
        "side": "buy",
        "value": 74783.5060609,
        "time": 1783333781161
      },
      {
        "price": 62883.53,
        "qty": 1.43429,
        "side": "buy",
        "value": 90193.2182437,
        "time": 1783333781194
      },
      {
        "price": 62883.54,
        "qty": 2.0898,
        "side": "buy",
        "value": 131414.021892,
        "time": 1783333781194
      },
      {
        "price": 62876,
        "qty": 0.96248,
        "side": "sell",
        "value": 60516.89248,
        "time": 1783333894957
      },
      {
        "price": 62882.02,
        "qty": 0.82074,
        "side": "buy",
        "value": 51609.7890948,
        "time": 1783333943400
      },
      {
        "price": 62979.04,
        "qty": 0.95754,
        "side": "sell",
        "value": 60304.949961599996,
        "time": 1783334049589
      },
      {
        "price": 62959.26,
        "qty": 0.80457,
        "side": "sell",
        "value": 50655.1318182,
        "time": 1783334302077
      },
      {
        "price": 62959.26,
        "qty": 1.8,
        "side": "sell",
        "value": 113326.668,
        "time": 1783334302077
      },
      {
        "price": 62959.26,
        "qty": 0.85232,
        "side": "sell",
        "value": 53661.4364832,
        "time": 1783334302078
      },
      {
        "price": 63025,
        "qty": 0.8507,
        "side": "sell",
        "value": 53615.3675,
        "time": 1783334389856
      },
      {
        "price": 63000,
        "qty": 1.01318,
        "side": "sell",
        "value": 63830.34,
        "time": 1783334434959
      },
      {
        "price": 62918.49,
        "qty": 1.0409,
        "side": "buy",
        "value": 65491.856240999994,
        "time": 1783334802646
      },
      {
        "price": 62894,
        "qty": 0.966,
        "side": "sell",
        "value": 60755.604,
        "time": 1783334929433
      },
      {
        "price": 62871.46,
        "qty": 4.21317,
        "side": "sell",
        "value": 264888.14912819996,
        "time": 1783334970246
      },
      {
        "price": 62827.8,
        "qty": 0.9888,
        "side": "buy",
        "value": 62124.12864,
        "time": 1783335003475
      },
      {
        "price": 62827.8,
        "qty": 3.18352,
        "side": "buy",
        "value": 200013.55785600003,
        "time": 1783335003477
      },
      {
        "price": 62833.43,
        "qty": 0.99935,
        "side": "buy",
        "value": 62792.5882705,
        "time": 1783335197280
      },
      {
        "price": 62840.01,
        "qty": 0.8167,
        "side": "buy",
        "value": 51321.436167,
        "time": 1783335224033
      }
    ]
  },
  "depthImportant": {
    "buys": [
      {
        "side": "buy",
        "layer": 1,
        "price": 62822,
        "qty": 2.45765,
        "cumulative": 2.45765
      },
      {
        "side": "buy",
        "layer": 8,
        "price": 62821.04,
        "qty": 0.11649,
        "cumulative": 2.9457200000000006
      },
      {
        "side": "buy",
        "layer": 26,
        "price": 62818.03,
        "qty": 0.11314,
        "cumulative": 3.0588600000000006
      },
      {
        "side": "buy",
        "layer": 43,
        "price": 62815.98,
        "qty": 0.225,
        "cumulative": 2.68265
      },
      {
        "side": "buy",
        "layer": 47,
        "price": 62815.55,
        "qty": 0.14658,
        "cumulative": 2.8292300000000004
      },
      {
        "side": "buy",
        "layer": 52,
        "price": 62815.06,
        "qty": 0.14,
        "cumulative": 5.27232
      },
      {
        "side": "buy",
        "layer": 74,
        "price": 62812.91,
        "qty": 0.43115,
        "cumulative": 5.13232
      },
      {
        "side": "buy",
        "layer": 85,
        "price": 62812.12,
        "qty": 0.5056,
        "cumulative": 4.2244600000000005
      },
      {
        "side": "buy",
        "layer": 88,
        "price": 62811.75,
        "qty": 0.66,
        "cumulative": 3.7188600000000007
      },
      {
        "side": "buy",
        "layer": 97,
        "price": 62810.7,
        "qty": 0.47671,
        "cumulative": 4.70117
      },
      {
        "side": "buy",
        "layer": 102,
        "price": 62810.02,
        "qty": 0.69039,
        "cumulative": 10.44092
      },
      {
        "side": "buy",
        "layer": 120,
        "price": 62808.85,
        "qty": 0.57383,
        "cumulative": 11.01475
      },
      {
        "side": "buy",
        "layer": 142,
        "price": 62805.8,
        "qty": 1.29462,
        "cumulative": 9.75053
      },
      {
        "side": "buy",
        "layer": 143,
        "price": 62805.79,
        "qty": 3.18359,
        "cumulative": 8.45591
      },
      {
        "side": "buy",
        "layer": 169,
        "price": 62802.71,
        "qty": 0.57379,
        "cumulative": 11.58854
      },
      {
        "side": "buy",
        "layer": 273,
        "price": 62788.39,
        "qty": 3.18177,
        "cumulative": 28.34368
      },
      {
        "side": "buy",
        "layer": 333,
        "price": 62779.25,
        "qty": 3.18248,
        "cumulative": 25.16191
      },
      {
        "side": "buy",
        "layer": 406,
        "price": 62770.39,
        "qty": 3.18319,
        "cumulative": 18.79624
      },
      {
        "side": "buy",
        "layer": 434,
        "price": 62765.67,
        "qty": 4.02451,
        "cumulative": 15.613050000000001
      },
      {
        "side": "buy",
        "layer": 464,
        "price": 62761.23,
        "qty": 3.18319,
        "cumulative": 21.97943
      },
      {
        "side": "buy",
        "layer": 683,
        "price": 62724.72,
        "qty": 4.78761,
        "cumulative": 53.80821
      },
      {
        "side": "buy",
        "layer": 787,
        "price": 62705.01,
        "qty": 4.78911,
        "cumulative": 49.0206
      },
      {
        "side": "buy",
        "layer": 822,
        "price": 62696.92,
        "qty": 4.78973,
        "cumulative": 44.23149
      },
      {
        "side": "buy",
        "layer": 912,
        "price": 62674.56,
        "qty": 6.30539,
        "cumulative": 34.64907
      },
      {
        "side": "buy",
        "layer": 970,
        "price": 62658.17,
        "qty": 4.79269,
        "cumulative": 39.44176
      }
    ],
    "sells": [
      {
        "side": "sell",
        "layer": 1,
        "price": 62822.01,
        "qty": 2.40989,
        "cumulative": 5.59348
      },
      {
        "side": "sell",
        "layer": 24,
        "price": 62825.98,
        "qty": 0.47689,
        "cumulative": 8.08414
      },
      {
        "side": "sell",
        "layer": 25,
        "price": 62825.99,
        "qty": 1.01107,
        "cumulative": 6.60455
      },
      {
        "side": "sell",
        "layer": 29,
        "price": 62826.18,
        "qty": 3.18359,
        "cumulative": 3.18359
      },
      {
        "side": "sell",
        "layer": 44,
        "price": 62828.99,
        "qty": 1.0027,
        "cumulative": 7.60725
      },
      {
        "side": "sell",
        "layer": 57,
        "price": 62831.38,
        "qty": 3.18359,
        "cumulative": 11.26773
      },
      {
        "side": "sell",
        "layer": 58,
        "price": 62831.41,
        "qty": 0.62843,
        "cumulative": 16.27174
      },
      {
        "side": "sell",
        "layer": 79,
        "price": 62834.72,
        "qty": 0.58897,
        "cumulative": 16.86071
      },
      {
        "side": "sell",
        "layer": 80,
        "price": 62834.73,
        "qty": 1.19199,
        "cumulative": 15.643310000000001
      },
      {
        "side": "sell",
        "layer": 85,
        "price": 62835.17,
        "qty": 3.18359,
        "cumulative": 14.45132
      },
      {
        "side": "sell",
        "layer": 107,
        "price": 62837.89,
        "qty": 1.74257,
        "cumulative": 28.152430000000003
      },
      {
        "side": "sell",
        "layer": 117,
        "price": 62839,
        "qty": 3.18359,
        "cumulative": 20.0443
      },
      {
        "side": "sell",
        "layer": 132,
        "price": 62840.59,
        "qty": 1.60406,
        "cumulative": 29.756490000000003
      },
      {
        "side": "sell",
        "layer": 156,
        "price": 62843.87,
        "qty": 3.18278,
        "cumulative": 23.22708
      },
      {
        "side": "sell",
        "layer": 193,
        "price": 62849.69,
        "qty": 3.18278,
        "cumulative": 26.409860000000002
      },
      {
        "side": "sell",
        "layer": 221,
        "price": 62853.62,
        "qty": 3.6601,
        "cumulative": 50.72317
      },
      {
        "side": "sell",
        "layer": 356,
        "price": 62877.76,
        "qty": 4.77595,
        "cumulative": 34.53244
      },
      {
        "side": "sell",
        "layer": 385,
        "price": 62882.31,
        "qty": 3.76704,
        "cumulative": 47.06307
      },
      {
        "side": "sell",
        "layer": 430,
        "price": 62889.26,
        "qty": 3.9895,
        "cumulative": 43.29603
      },
      {
        "side": "sell",
        "layer": 482,
        "price": 62902.22,
        "qty": 4.77409,
        "cumulative": 39.30653
      },
      {
        "side": "sell",
        "layer": 586,
        "price": 62928.56,
        "qty": 4.77208,
        "cumulative": 61.743120000000005
      },
      {
        "side": "sell",
        "layer": 634,
        "price": 62941.98,
        "qty": 4.77108,
        "cumulative": 66.5142
      },
      {
        "side": "sell",
        "layer": 643,
        "price": 62944.51,
        "qty": 4.77089,
        "cumulative": 71.28509
      },
      {
        "side": "sell",
        "layer": 761,
        "price": 62978.2,
        "qty": 4.76834,
        "cumulative": 76.05342999999999
      },
      {
        "side": "sell",
        "layer": 774,
        "price": 62982.18,
        "qty": 6.24787,
        "cumulative": 56.97104
      }
    ]
  },
  "updatedAt": 1783335300372
}