{
  "symbol": "btcusdt",
  "timeframe": "1m",
  "candle": {
    "startTime": 1783334280000,
    "open": 62982,
    "high": 62990,
    "low": 62957.7,
    "close": 62988.13,
    "volume": 2018,
    "direction": "up",
    "volatility": 32.30000000000291,
    "totalVolume": 2018
  },
  "trades": {
    "count": 29794,
    "buyVolume": 71.4228899999937,
    "sellVolume": 91.69098999999328,
    "bigTrades": [
      {
        "price": 62859.14,
        "qty": 1.0194,
        "side": "sell",
        "value": 64078.607316,
        "time": 1783333103521
      },
      {
        "price": 62859.14,
        "qty": 0.98503,
        "side": "sell",
        "value": 61918.138674199996,
        "time": 1783333103792
      },
      {
        "price": 62856,
        "qty": 1.0194,
        "side": "buy",
        "value": 64075.40640000001,
        "time": 1783333143863
      },
      {
        "price": 62837.83,
        "qty": 1.01947,
        "side": "buy",
        "value": 64061.28255010001,
        "time": 1783333252137
      },
      {
        "price": 62876.57,
        "qty": 1.22566,
        "side": "buy",
        "value": 77065.2967862,
        "time": 1783333781160
      },
      {
        "price": 62876.57,
        "qty": 1.18937,
        "side": "buy",
        "value": 74783.5060609,
        "time": 1783333781161
      },
      {
        "price": 62883.53,
        "qty": 1.43429,
        "side": "buy",
        "value": 90193.2182437,
        "time": 1783333781194
      },
      {
        "price": 62883.54,
        "qty": 2.0898,
        "side": "buy",
        "value": 131414.021892,
        "time": 1783333781194
      },
      {
        "price": 62876,
        "qty": 0.96248,
        "side": "sell",
        "value": 60516.89248,
        "time": 1783333894957
      },
      {
        "price": 62882.02,
        "qty": 0.82074,
        "side": "buy",
        "value": 51609.7890948,
        "time": 1783333943400
      },
      {
        "price": 62979.04,
        "qty": 0.95754,
        "side": "sell",
        "value": 60304.949961599996,
        "time": 1783334049589
      },
      {
        "price": 62959.26,
        "qty": 0.80457,
        "side": "sell",
        "value": 50655.1318182,
        "time": 1783334302077
      },
      {
        "price": 62959.26,
        "qty": 1.8,
        "side": "sell",
        "value": 113326.668,
        "time": 1783334302077
      },
      {
        "price": 62959.26,
        "qty": 0.85232,
        "side": "sell",
        "value": 53661.4364832,
        "time": 1783334302078
      }
    ]
  },
  "depthImportant": {
    "buys": [
      {
        "side": "buy",
        "layer": 1,
        "price": 62988.12,
        "qty": 1.66905,
        "cumulative": 1.66905
      },
      {
        "side": "buy",
        "layer": 37,
        "price": 62981.86,
        "qty": 0.40745,
        "cumulative": 3.1490099999999996
      },
      {
        "side": "buy",
        "layer": 38,
        "price": 62981.85,
        "qty": 0.47663,
        "cumulative": 2.7415599999999998
      },
      {
        "side": "buy",
        "layer": 39,
        "price": 62981.82,
        "qty": 0.22918,
        "cumulative": 3.3781899999999996
      },
      {
        "side": "buy",
        "layer": 49,
        "price": 62979.97,
        "qty": 0.59588,
        "cumulative": 2.2649299999999997
      },
      {
        "side": "buy",
        "layer": 66,
        "price": 62978.19,
        "qty": 0.47663,
        "cumulative": 9.205829999999999
      },
      {
        "side": "buy",
        "layer": 88,
        "price": 62975.95,
        "qty": 0.57222,
        "cumulative": 8.729199999999999
      },
      {
        "side": "buy",
        "layer": 89,
        "price": 62975.79,
        "qty": 1.60359,
        "cumulative": 8.156979999999999
      },
      {
        "side": "buy",
        "layer": 90,
        "price": 62975.78,
        "qty": 3.1752,
        "cumulative": 6.553389999999999
      },
      {
        "side": "buy",
        "layer": 98,
        "price": 62974.28,
        "qty": 0.47663,
        "cumulative": 9.682459999999999
      },
      {
        "side": "buy",
        "layer": 134,
        "price": 62969.41,
        "qty": 1.31981,
        "cumulative": 17.35364
      },
      {
        "side": "buy",
        "layer": 138,
        "price": 62969.3,
        "qty": 3.1752,
        "cumulative": 16.03383
      },
      {
        "side": "buy",
        "layer": 188,
        "price": 62962.69,
        "qty": 1.17798,
        "cumulative": 18.53162
      },
      {
        "side": "buy",
        "layer": 189,
        "price": 62962.68,
        "qty": 3.17617,
        "cumulative": 12.858629999999998
      },
      {
        "side": "buy",
        "layer": 200,
        "price": 62960.99,
        "qty": 1.10577,
        "cumulative": 19.63739
      },
      {
        "side": "buy",
        "layer": 239,
        "price": 62956.04,
        "qty": 3.17617,
        "cumulative": 32.932249999999996
      },
      {
        "side": "buy",
        "layer": 282,
        "price": 62948.23,
        "qty": 3.17673,
        "cumulative": 26.579349999999998
      },
      {
        "side": "buy",
        "layer": 307,
        "price": 62944.15,
        "qty": 1.70666,
        "cumulative": 34.638909999999996
      },
      {
        "side": "buy",
        "layer": 324,
        "price": 62941.79,
        "qty": 3.17673,
        "cumulative": 29.756079999999997
      },
      {
        "side": "buy",
        "layer": 474,
        "price": 62912.57,
        "qty": 3.76523,
        "cumulative": 23.40262
      },
      {
        "side": "buy",
        "layer": 634,
        "price": 62871.46,
        "qty": 5,
        "cumulative": 46.17207
      },
      {
        "side": "buy",
        "layer": 742,
        "price": 62841.61,
        "qty": 6.53316,
        "cumulative": 41.17207
      },
      {
        "side": "buy",
        "layer": 746,
        "price": 62840.41,
        "qty": 4.77879,
        "cumulative": 60.51719
      },
      {
        "side": "buy",
        "layer": 838,
        "price": 62811.55,
        "qty": 4.78099,
        "cumulative": 55.7384
      },
      {
        "side": "buy",
        "layer": 955,
        "price": 62754.45,
        "qty": 4.78534,
        "cumulative": 50.957409999999996
      }
    ],
    "sells": [
      {
        "side": "sell",
        "layer": 1,
        "price": 62988.13,
        "qty": 1.58792,
        "cumulative": 1.58792
      },
      {
        "side": "sell",
        "layer": 14,
        "price": 62992,
        "qty": 0.02427,
        "cumulative": 1.90366
      },
      {
        "side": "sell",
        "layer": 17,
        "price": 62992.19,
        "qty": 0.08991,
        "cumulative": 1.8387499999999999
      },
      {
        "side": "sell",
        "layer": 39,
        "price": 62994.21,
        "qty": 0.04064,
        "cumulative": 1.87939
      },
      {
        "side": "sell",
        "layer": 47,
        "price": 62994.55,
        "qty": 0.16092,
        "cumulative": 1.74884
      },
      {
        "side": "sell",
        "layer": 55,
        "price": 62995.01,
        "qty": 1.52509,
        "cumulative": 10.25578
      },
      {
        "side": "sell",
        "layer": 56,
        "price": 62995.02,
        "qty": 3.1752,
        "cumulative": 8.73069
      },
      {
        "side": "sell",
        "layer": 88,
        "price": 62998.81,
        "qty": 1.46327,
        "cumulative": 11.71905
      },
      {
        "side": "sell",
        "layer": 89,
        "price": 62998.82,
        "qty": 3.65183,
        "cumulative": 5.55549
      },
      {
        "side": "sell",
        "layer": 100,
        "price": 63000,
        "qty": 0.50623,
        "cumulative": 12.22528
      },
      {
        "side": "sell",
        "layer": 115,
        "price": 63001.14,
        "qty": 1.08612,
        "cumulative": 20.846020000000003
      },
      {
        "side": "sell",
        "layer": 136,
        "price": 63003.33,
        "qty": 3.1752,
        "cumulative": 18.57721
      },
      {
        "side": "sell",
        "layer": 172,
        "price": 63007.78,
        "qty": 1.18269,
        "cumulative": 19.759900000000002
      },
      {
        "side": "sell",
        "layer": 196,
        "price": 63010.28,
        "qty": 3.17673,
        "cumulative": 15.40201
      },
      {
        "side": "sell",
        "layer": 197,
        "price": 63010.39,
        "qty": 0.71688,
        "cumulative": 21.562900000000003
      },
      {
        "side": "sell",
        "layer": 374,
        "price": 63032.57,
        "qty": 3.17673,
        "cumulative": 32.399440000000006
      },
      {
        "side": "sell",
        "layer": 412,
        "price": 63039.27,
        "qty": 3.90313,
        "cumulative": 25.466030000000003
      },
      {
        "side": "sell",
        "layer": 413,
        "price": 63039.56,
        "qty": 3.17673,
        "cumulative": 35.576170000000005
      },
      {
        "side": "sell",
        "layer": 458,
        "price": 63047.12,
        "qty": 3.17673,
        "cumulative": 38.752900000000004
      },
      {
        "side": "sell",
        "layer": 499,
        "price": 63055.83,
        "qty": 3.75668,
        "cumulative": 29.222710000000003
      },
      {
        "side": "sell",
        "layer": 515,
        "price": 63058.57,
        "qty": 4.76227,
        "cumulative": 69.69741
      },
      {
        "side": "sell",
        "layer": 596,
        "price": 63077.83,
        "qty": 4.76081,
        "cumulative": 74.45822000000001
      },
      {
        "side": "sell",
        "layer": 624,
        "price": 63084.61,
        "qty": 4.7603,
        "cumulative": 79.21852000000001
      },
      {
        "side": "sell",
        "layer": 938,
        "price": 63500,
        "qty": 18.95373,
        "cumulative": 57.706630000000004
      },
      {
        "side": "sell",
        "layer": 981,
        "price": 63800,
        "qty": 7.22851,
        "cumulative": 64.93514
      }
    ]
  },
  "updatedAt": 1783334340840
}