{
  "symbol": "btcusdt",
  "timeframe": "1m",
  "candle": {
    "startTime": 1783338000000,
    "open": 62886,
    "high": 62926.43,
    "low": 62886,
    "close": 62919.48,
    "volume": 1377,
    "direction": "up",
    "volatility": 40.43000000000029,
    "totalVolume": 1377
  },
  "trades": {
    "count": 107786,
    "buyVolume": 261.1980299999564,
    "sellVolume": 226.71894999995436,
    "bigTrades": [
      {
        "price": 62859.14,
        "qty": 1.0194,
        "side": "sell",
        "value": 64078.607316,
        "time": 1783333103521
      },
      {
        "price": 62859.14,
        "qty": 0.98503,
        "side": "sell",
        "value": 61918.138674199996,
        "time": 1783333103792
      },
      {
        "price": 62856,
        "qty": 1.0194,
        "side": "buy",
        "value": 64075.40640000001,
        "time": 1783333143863
      },
      {
        "price": 62837.83,
        "qty": 1.01947,
        "side": "buy",
        "value": 64061.28255010001,
        "time": 1783333252137
      },
      {
        "price": 62876.57,
        "qty": 1.22566,
        "side": "buy",
        "value": 77065.2967862,
        "time": 1783333781160
      },
      {
        "price": 62876.57,
        "qty": 1.18937,
        "side": "buy",
        "value": 74783.5060609,
        "time": 1783333781161
      },
      {
        "price": 62883.53,
        "qty": 1.43429,
        "side": "buy",
        "value": 90193.2182437,
        "time": 1783333781194
      },
      {
        "price": 62883.54,
        "qty": 2.0898,
        "side": "buy",
        "value": 131414.021892,
        "time": 1783333781194
      },
      {
        "price": 62876,
        "qty": 0.96248,
        "side": "sell",
        "value": 60516.89248,
        "time": 1783333894957
      },
      {
        "price": 62882.02,
        "qty": 0.82074,
        "side": "buy",
        "value": 51609.7890948,
        "time": 1783333943400
      },
      {
        "price": 62979.04,
        "qty": 0.95754,
        "side": "sell",
        "value": 60304.949961599996,
        "time": 1783334049589
      },
      {
        "price": 62959.26,
        "qty": 0.80457,
        "side": "sell",
        "value": 50655.1318182,
        "time": 1783334302077
      },
      {
        "price": 62959.26,
        "qty": 1.8,
        "side": "sell",
        "value": 113326.668,
        "time": 1783334302077
      },
      {
        "price": 62959.26,
        "qty": 0.85232,
        "side": "sell",
        "value": 53661.4364832,
        "time": 1783334302078
      },
      {
        "price": 63025,
        "qty": 0.8507,
        "side": "sell",
        "value": 53615.3675,
        "time": 1783334389856
      },
      {
        "price": 63000,
        "qty": 1.01318,
        "side": "sell",
        "value": 63830.34,
        "time": 1783334434959
      },
      {
        "price": 62918.49,
        "qty": 1.0409,
        "side": "buy",
        "value": 65491.856240999994,
        "time": 1783334802646
      },
      {
        "price": 62894,
        "qty": 0.966,
        "side": "sell",
        "value": 60755.604,
        "time": 1783334929433
      },
      {
        "price": 62871.46,
        "qty": 4.21317,
        "side": "sell",
        "value": 264888.14912819996,
        "time": 1783334970246
      },
      {
        "price": 62827.8,
        "qty": 0.9888,
        "side": "buy",
        "value": 62124.12864,
        "time": 1783335003475
      },
      {
        "price": 62827.8,
        "qty": 3.18352,
        "side": "buy",
        "value": 200013.55785600003,
        "time": 1783335003477
      },
      {
        "price": 62833.43,
        "qty": 0.99935,
        "side": "buy",
        "value": 62792.5882705,
        "time": 1783335197280
      },
      {
        "price": 62840.01,
        "qty": 0.8167,
        "side": "buy",
        "value": 51321.436167,
        "time": 1783335224033
      },
      {
        "price": 62820,
        "qty": 3.18369,
        "side": "buy",
        "value": 199999.4058,
        "time": 1783335565420
      },
      {
        "price": 62871.03,
        "qty": 1.36622,
        "side": "sell",
        "value": 85895.6586066,
        "time": 1783335908214
      },
      {
        "price": 62870.71,
        "qty": 0.86668,
        "side": "sell",
        "value": 54488.7869428,
        "time": 1783335926908
      },
      {
        "price": 62870.71,
        "qty": 4.77182,
        "side": "sell",
        "value": 300007.71139219997,
        "time": 1783335928709
      },
      {
        "price": 62864.76,
        "qty": 0.91128,
        "side": "sell",
        "value": 57287.3984928,
        "time": 1783335983408
      },
      {
        "price": 62850.01,
        "qty": 0.84409,
        "side": "buy",
        "value": 53051.0649409,
        "time": 1783335991595
      },
      {
        "price": 62819.85,
        "qty": 0.87148,
        "side": "sell",
        "value": 54746.242878,
        "time": 1783336539602
      },
      {
        "price": 62819.85,
        "qty": 1.1893,
        "side": "sell",
        "value": 74711.647605,
        "time": 1783336539603
      },
      {
        "price": 62807.68,
        "qty": 0.83728,
        "side": "sell",
        "value": 52587.6143104,
        "time": 1783336572523
      },
      {
        "price": 62800,
        "qty": 1.13713,
        "side": "buy",
        "value": 71411.764,
        "time": 1783336689607
      },
      {
        "price": 62819.85,
        "qty": 1.18931,
        "side": "buy",
        "value": 74712.2758035,
        "time": 1783336751623
      },
      {
        "price": 62835.04,
        "qty": 1.20917,
        "side": "buy",
        "value": 75978.2453168,
        "time": 1783336781936
      },
      {
        "price": 62835.05,
        "qty": 3.18369,
        "side": "buy",
        "value": 200047.3203345,
        "time": 1783336781937
      },
      {
        "price": 62838.85,
        "qty": 1.29174,
        "side": "buy",
        "value": 81171.456099,
        "time": 1783336781941
      },
      {
        "price": 62976.01,
        "qty": 1.01189,
        "side": "buy",
        "value": 63724.794758899996,
        "time": 1783337629736
      },
      {
        "price": 62922.99,
        "qty": 1.39242,
        "side": "buy",
        "value": 87615.22973579999,
        "time": 1783338032710
      },
      {
        "price": 62923,
        "qty": 3.17928,
        "side": "buy",
        "value": 200049.83544,
        "time": 1783338032710
      }
    ]
  },
  "depthImportant": {
    "buys": [
      {
        "side": "buy",
        "layer": 1,
        "price": 62919.48,
        "qty": 1.06969,
        "cumulative": 1.06969
      },
      {
        "side": "buy",
        "layer": 21,
        "price": 62915.51,
        "qty": 0.09861,
        "cumulative": 1.29823
      },
      {
        "side": "buy",
        "layer": 24,
        "price": 62914.3,
        "qty": 0.08354,
        "cumulative": 1.38177
      },
      {
        "side": "buy",
        "layer": 30,
        "price": 62913.63,
        "qty": 0.08338,
        "cumulative": 1.46515
      },
      {
        "side": "buy",
        "layer": 39,
        "price": 62912.34,
        "qty": 0.12993,
        "cumulative": 1.19962
      },
      {
        "side": "buy",
        "layer": 66,
        "price": 62908.11,
        "qty": 2.22302,
        "cumulative": 6.86683
      },
      {
        "side": "buy",
        "layer": 67,
        "price": 62908.1,
        "qty": 3.17866,
        "cumulative": 4.64381
      },
      {
        "side": "buy",
        "layer": 68,
        "price": 62908.07,
        "qty": 0.57196,
        "cumulative": 8.608290000000002
      },
      {
        "side": "buy",
        "layer": 69,
        "price": 62908.06,
        "qty": 0.59665,
        "cumulative": 7.463480000000001
      },
      {
        "side": "buy",
        "layer": 99,
        "price": 62905.07,
        "qty": 0.57285,
        "cumulative": 8.036330000000001
      },
      {
        "side": "buy",
        "layer": 133,
        "price": 62901.28,
        "qty": 3.17928,
        "cumulative": 11.787570000000002
      },
      {
        "side": "buy",
        "layer": 162,
        "price": 62897.08,
        "qty": 1.31337,
        "cumulative": 21.289980000000003
      },
      {
        "side": "buy",
        "layer": 163,
        "price": 62897.07,
        "qty": 3.17928,
        "cumulative": 14.966850000000003
      },
      {
        "side": "buy",
        "layer": 184,
        "price": 62893.69,
        "qty": 1.83048,
        "cumulative": 19.976610000000004
      },
      {
        "side": "buy",
        "layer": 190,
        "price": 62892.22,
        "qty": 3.17928,
        "cumulative": 18.146130000000003
      },
      {
        "side": "buy",
        "layer": 225,
        "price": 62887.95,
        "qty": 3.76394,
        "cumulative": 25.053920000000005
      },
      {
        "side": "buy",
        "layer": 250,
        "price": 62883.12,
        "qty": 3.17924,
        "cumulative": 31.984360000000006
      },
      {
        "side": "buy",
        "layer": 292,
        "price": 62876.39,
        "qty": 3.17924,
        "cumulative": 35.1636
      },
      {
        "side": "buy",
        "layer": 342,
        "price": 62868.78,
        "qty": 3.7512,
        "cumulative": 28.805120000000006
      },
      {
        "side": "buy",
        "layer": 371,
        "price": 62863.2,
        "qty": 3.17924,
        "cumulative": 38.34284
      },
      {
        "side": "buy",
        "layer": 636,
        "price": 62808.57,
        "qty": 4.82659,
        "cumulative": 49.733320000000006
      },
      {
        "side": "buy",
        "layer": 774,
        "price": 62772.99,
        "qty": 4.78378,
        "cumulative": 64.08765000000001
      },
      {
        "side": "buy",
        "layer": 789,
        "price": 62770.3,
        "qty": 4.78403,
        "cumulative": 59.30387000000001
      },
      {
        "side": "buy",
        "layer": 828,
        "price": 62761.93,
        "qty": 6.56389,
        "cumulative": 44.90673
      },
      {
        "side": "buy",
        "layer": 930,
        "price": 62737.75,
        "qty": 4.78652,
        "cumulative": 54.51984000000001
      }
    ],
    "sells": [
      {
        "side": "sell",
        "layer": 1,
        "price": 62919.49,
        "qty": 2.18697,
        "cumulative": 2.18697
      },
      {
        "side": "sell",
        "layer": 13,
        "price": 62920.58,
        "qty": 0.5723,
        "cumulative": 2.75927
      },
      {
        "side": "sell",
        "layer": 27,
        "price": 62923.1,
        "qty": 0.42542,
        "cumulative": 4.23311
      },
      {
        "side": "sell",
        "layer": 28,
        "price": 62923.11,
        "qty": 0.47638,
        "cumulative": 3.80769
      },
      {
        "side": "sell",
        "layer": 33,
        "price": 62923.48,
        "qty": 0.57204,
        "cumulative": 3.3313099999999998
      },
      {
        "side": "sell",
        "layer": 54,
        "price": 62926.4,
        "qty": 1.42713,
        "cumulative": 8.83948
      },
      {
        "side": "sell",
        "layer": 64,
        "price": 62927.1,
        "qty": 0.57196,
        "cumulative": 9.984060000000001
      },
      {
        "side": "sell",
        "layer": 68,
        "price": 62927.91,
        "qty": 3.17924,
        "cumulative": 7.41235
      },
      {
        "side": "sell",
        "layer": 83,
        "price": 62929.91,
        "qty": 0.57262,
        "cumulative": 9.4121
      },
      {
        "side": "sell",
        "layer": 86,
        "price": 62930.1,
        "qty": 0.57196,
        "cumulative": 10.556020000000002
      },
      {
        "side": "sell",
        "layer": 106,
        "price": 62932.18,
        "qty": 1.44564,
        "cumulative": 19.961580000000005
      },
      {
        "side": "sell",
        "layer": 107,
        "price": 62932.19,
        "qty": 3.17924,
        "cumulative": 13.735260000000002
      },
      {
        "side": "sell",
        "layer": 145,
        "price": 62936.78,
        "qty": 1.30502,
        "cumulative": 21.266600000000004
      },
      {
        "side": "sell",
        "layer": 146,
        "price": 62936.79,
        "qty": 3.17924,
        "cumulative": 16.914500000000004
      },
      {
        "side": "sell",
        "layer": 195,
        "price": 62943.44,
        "qty": 1.60144,
        "cumulative": 18.515940000000004
      },
      {
        "side": "sell",
        "layer": 202,
        "price": 62944.29,
        "qty": 3.7512,
        "cumulative": 37.48298
      },
      {
        "side": "sell",
        "layer": 241,
        "price": 62950.6,
        "qty": 3.18081,
        "cumulative": 40.66379
      },
      {
        "side": "sell",
        "layer": 381,
        "price": 62971.07,
        "qty": 4.76878,
        "cumulative": 26.035380000000004
      },
      {
        "side": "sell",
        "layer": 401,
        "price": 62975.05,
        "qty": 3.76149,
        "cumulative": 33.73178
      },
      {
        "side": "sell",
        "layer": 466,
        "price": 62989.49,
        "qty": 3.93491,
        "cumulative": 29.970290000000002
      },
      {
        "side": "sell",
        "layer": 555,
        "price": 63007.43,
        "qty": 4.76649,
        "cumulative": 51.81265
      },
      {
        "side": "sell",
        "layer": 658,
        "price": 63027,
        "qty": 4.76464,
        "cumulative": 56.57729
      },
      {
        "side": "sell",
        "layer": 691,
        "price": 63033.17,
        "qty": 4.76408,
        "cumulative": 61.34137
      },
      {
        "side": "sell",
        "layer": 769,
        "price": 63045.25,
        "qty": 4.76317,
        "cumulative": 66.10454
      },
      {
        "side": "sell",
        "layer": 893,
        "price": 63071.2,
        "qty": 6.38237,
        "cumulative": 47.04616
      }
    ]
  },
  "updatedAt": 1783338060580
}