{
  "symbol": "btcusdt",
  "timeframe": "1m",
  "candle": {
    "startTime": 1783336080000,
    "open": 62838.01,
    "high": 62838.01,
    "low": 62833.2,
    "close": 62833.2,
    "volume": 397,
    "direction": "down",
    "volatility": 4.810000000004948,
    "totalVolume": 397
  },
  "trades": {
    "count": 74220,
    "buyVolume": 169.53719999997122,
    "sellVolume": 178.83560999996828,
    "bigTrades": [
      {
        "price": 62859.14,
        "qty": 1.0194,
        "side": "sell",
        "value": 64078.607316,
        "time": 1783333103521
      },
      {
        "price": 62859.14,
        "qty": 0.98503,
        "side": "sell",
        "value": 61918.138674199996,
        "time": 1783333103792
      },
      {
        "price": 62856,
        "qty": 1.0194,
        "side": "buy",
        "value": 64075.40640000001,
        "time": 1783333143863
      },
      {
        "price": 62837.83,
        "qty": 1.01947,
        "side": "buy",
        "value": 64061.28255010001,
        "time": 1783333252137
      },
      {
        "price": 62876.57,
        "qty": 1.22566,
        "side": "buy",
        "value": 77065.2967862,
        "time": 1783333781160
      },
      {
        "price": 62876.57,
        "qty": 1.18937,
        "side": "buy",
        "value": 74783.5060609,
        "time": 1783333781161
      },
      {
        "price": 62883.53,
        "qty": 1.43429,
        "side": "buy",
        "value": 90193.2182437,
        "time": 1783333781194
      },
      {
        "price": 62883.54,
        "qty": 2.0898,
        "side": "buy",
        "value": 131414.021892,
        "time": 1783333781194
      },
      {
        "price": 62876,
        "qty": 0.96248,
        "side": "sell",
        "value": 60516.89248,
        "time": 1783333894957
      },
      {
        "price": 62882.02,
        "qty": 0.82074,
        "side": "buy",
        "value": 51609.7890948,
        "time": 1783333943400
      },
      {
        "price": 62979.04,
        "qty": 0.95754,
        "side": "sell",
        "value": 60304.949961599996,
        "time": 1783334049589
      },
      {
        "price": 62959.26,
        "qty": 0.80457,
        "side": "sell",
        "value": 50655.1318182,
        "time": 1783334302077
      },
      {
        "price": 62959.26,
        "qty": 1.8,
        "side": "sell",
        "value": 113326.668,
        "time": 1783334302077
      },
      {
        "price": 62959.26,
        "qty": 0.85232,
        "side": "sell",
        "value": 53661.4364832,
        "time": 1783334302078
      },
      {
        "price": 63025,
        "qty": 0.8507,
        "side": "sell",
        "value": 53615.3675,
        "time": 1783334389856
      },
      {
        "price": 63000,
        "qty": 1.01318,
        "side": "sell",
        "value": 63830.34,
        "time": 1783334434959
      },
      {
        "price": 62918.49,
        "qty": 1.0409,
        "side": "buy",
        "value": 65491.856240999994,
        "time": 1783334802646
      },
      {
        "price": 62894,
        "qty": 0.966,
        "side": "sell",
        "value": 60755.604,
        "time": 1783334929433
      },
      {
        "price": 62871.46,
        "qty": 4.21317,
        "side": "sell",
        "value": 264888.14912819996,
        "time": 1783334970246
      },
      {
        "price": 62827.8,
        "qty": 0.9888,
        "side": "buy",
        "value": 62124.12864,
        "time": 1783335003475
      },
      {
        "price": 62827.8,
        "qty": 3.18352,
        "side": "buy",
        "value": 200013.55785600003,
        "time": 1783335003477
      },
      {
        "price": 62833.43,
        "qty": 0.99935,
        "side": "buy",
        "value": 62792.5882705,
        "time": 1783335197280
      },
      {
        "price": 62840.01,
        "qty": 0.8167,
        "side": "buy",
        "value": 51321.436167,
        "time": 1783335224033
      },
      {
        "price": 62820,
        "qty": 3.18369,
        "side": "buy",
        "value": 199999.4058,
        "time": 1783335565420
      },
      {
        "price": 62871.03,
        "qty": 1.36622,
        "side": "sell",
        "value": 85895.6586066,
        "time": 1783335908214
      },
      {
        "price": 62870.71,
        "qty": 0.86668,
        "side": "sell",
        "value": 54488.7869428,
        "time": 1783335926908
      },
      {
        "price": 62870.71,
        "qty": 4.77182,
        "side": "sell",
        "value": 300007.71139219997,
        "time": 1783335928709
      },
      {
        "price": 62864.76,
        "qty": 0.91128,
        "side": "sell",
        "value": 57287.3984928,
        "time": 1783335983408
      },
      {
        "price": 62850.01,
        "qty": 0.84409,
        "side": "buy",
        "value": 53051.0649409,
        "time": 1783335991595
      }
    ]
  },
  "depthImportant": {
    "buys": [
      {
        "side": "buy",
        "layer": 1,
        "price": 62833.2,
        "qty": 2.93137,
        "cumulative": 2.93137
      },
      {
        "side": "buy",
        "layer": 8,
        "price": 62831.97,
        "qty": 0.10539,
        "cumulative": 3.1662099999999995
      },
      {
        "side": "buy",
        "layer": 40,
        "price": 62827.38,
        "qty": 0.12945,
        "cumulative": 3.0608199999999997
      },
      {
        "side": "buy",
        "layer": 41,
        "price": 62827.36,
        "qty": 0.09039,
        "cumulative": 3.2565999999999997
      },
      {
        "side": "buy",
        "layer": 47,
        "price": 62826.7,
        "qty": 0.08528,
        "cumulative": 3.3418799999999997
      },
      {
        "side": "buy",
        "layer": 51,
        "price": 62826.05,
        "qty": 0.09039,
        "cumulative": 5.37798
      },
      {
        "side": "buy",
        "layer": 59,
        "price": 62824.78,
        "qty": 0.23894,
        "cumulative": 5.19647
      },
      {
        "side": "buy",
        "layer": 80,
        "price": 62823.01,
        "qty": 0.43108,
        "cumulative": 4.957529999999999
      },
      {
        "side": "buy",
        "layer": 81,
        "price": 62823,
        "qty": 0.09112,
        "cumulative": 5.28759
      },
      {
        "side": "buy",
        "layer": 94,
        "price": 62821.98,
        "qty": 1.18457,
        "cumulative": 4.52645
      },
      {
        "side": "buy",
        "layer": 118,
        "price": 62820.21,
        "qty": 3.18303,
        "cumulative": 8.56101
      },
      {
        "side": "buy",
        "layer": 132,
        "price": 62818.41,
        "qty": 1.24664,
        "cumulative": 17.79948
      },
      {
        "side": "buy",
        "layer": 149,
        "price": 62815.99,
        "qty": 3.18298,
        "cumulative": 11.74399
      },
      {
        "side": "buy",
        "layer": 175,
        "price": 62812.35,
        "qty": 1.62743,
        "cumulative": 16.55284
      },
      {
        "side": "buy",
        "layer": 178,
        "price": 62811.75,
        "qty": 3.18142,
        "cumulative": 14.92541
      },
      {
        "side": "buy",
        "layer": 231,
        "price": 62803.78,
        "qty": 3.18142,
        "cumulative": 34.53346
      },
      {
        "side": "buy",
        "layer": 414,
        "price": 62778.06,
        "qty": 3.18217,
        "cumulative": 28.16987
      },
      {
        "side": "buy",
        "layer": 440,
        "price": 62772.86,
        "qty": 3.18217,
        "cumulative": 31.35204
      },
      {
        "side": "buy",
        "layer": 467,
        "price": 62769.77,
        "qty": 4.00534,
        "cumulative": 21.80482
      },
      {
        "side": "buy",
        "layer": 493,
        "price": 62764.9,
        "qty": 3.18288,
        "cumulative": 24.9877
      },
      {
        "side": "buy",
        "layer": 589,
        "price": 62749.31,
        "qty": 4.78569,
        "cumulative": 60.30569
      },
      {
        "side": "buy",
        "layer": 730,
        "price": 62724.72,
        "qty": 4.78761,
        "cumulative": 55.519999999999996
      },
      {
        "side": "buy",
        "layer": 797,
        "price": 62712.35,
        "qty": 4.78841,
        "cumulative": 50.732389999999995
      },
      {
        "side": "buy",
        "layer": 937,
        "price": 62680.85,
        "qty": 4.79091,
        "cumulative": 45.943979999999996
      },
      {
        "side": "buy",
        "layer": 939,
        "price": 62680.66,
        "qty": 6.61961,
        "cumulative": 41.15307
      }
    ],
    "sells": [
      {
        "side": "sell",
        "layer": 1,
        "price": 62833.21,
        "qty": 2.20293,
        "cumulative": 5.38596
      },
      {
        "side": "sell",
        "layer": 24,
        "price": 62837.7,
        "qty": 1.72606,
        "cumulative": 7.112019999999999
      },
      {
        "side": "sell",
        "layer": 25,
        "price": 62837.71,
        "qty": 1.60414,
        "cumulative": 8.716159999999999
      },
      {
        "side": "sell",
        "layer": 38,
        "price": 62839.73,
        "qty": 3.18303,
        "cumulative": 3.18303
      },
      {
        "side": "sell",
        "layer": 41,
        "price": 62840,
        "qty": 0.50028,
        "cumulative": 9.216439999999999
      },
      {
        "side": "sell",
        "layer": 66,
        "price": 62843.59,
        "qty": 0.5734,
        "cumulative": 14.564039999999999
      },
      {
        "side": "sell",
        "layer": 80,
        "price": 62844.96,
        "qty": 1.59142,
        "cumulative": 13.990639999999999
      },
      {
        "side": "sell",
        "layer": 82,
        "price": 62845,
        "qty": 0.47671,
        "cumulative": 15.61413
      },
      {
        "side": "sell",
        "layer": 89,
        "price": 62845.44,
        "qty": 3.18278,
        "cumulative": 12.39922
      },
      {
        "side": "sell",
        "layer": 93,
        "price": 62845.97,
        "qty": 0.57338,
        "cumulative": 15.137419999999999
      },
      {
        "side": "sell",
        "layer": 118,
        "price": 62849.98,
        "qty": 3.18217,
        "cumulative": 18.7963
      },
      {
        "side": "sell",
        "layer": 141,
        "price": 62853.77,
        "qty": 1.83264,
        "cumulative": 28.93792
      },
      {
        "side": "sell",
        "layer": 142,
        "price": 62853.78,
        "qty": 3.18217,
        "cumulative": 21.978469999999998
      },
      {
        "side": "sell",
        "layer": 181,
        "price": 62859.67,
        "qty": 1.94464,
        "cumulative": 27.105279999999997
      },
      {
        "side": "sell",
        "layer": 187,
        "price": 62860.16,
        "qty": 3.18217,
        "cumulative": 25.160639999999997
      },
      {
        "side": "sell",
        "layer": 221,
        "price": 62863.98,
        "qty": 3.18217,
        "cumulative": 46.20437
      },
      {
        "side": "sell",
        "layer": 321,
        "price": 62880.09,
        "qty": 3.18298,
        "cumulative": 43.0222
      },
      {
        "side": "sell",
        "layer": 322,
        "price": 62880.1,
        "qty": 3.76717,
        "cumulative": 36.656189999999995
      },
      {
        "side": "sell",
        "layer": 349,
        "price": 62885.47,
        "qty": 3.18303,
        "cumulative": 39.83922
      },
      {
        "side": "sell",
        "layer": 365,
        "price": 62888.39,
        "qty": 3.9511,
        "cumulative": 32.889019999999995
      },
      {
        "side": "sell",
        "layer": 628,
        "price": 62957.93,
        "qty": 4.76973,
        "cumulative": 61.99178
      },
      {
        "side": "sell",
        "layer": 632,
        "price": 62958.19,
        "qty": 4.76981,
        "cumulative": 57.222049999999996
      },
      {
        "side": "sell",
        "layer": 727,
        "price": 62985.23,
        "qty": 4.76776,
        "cumulative": 66.75954
      },
      {
        "side": "sell",
        "layer": 742,
        "price": 62990.54,
        "qty": 6.24787,
        "cumulative": 52.452239999999996
      },
      {
        "side": "sell",
        "layer": 839,
        "price": 63019.22,
        "qty": 4.7652,
        "cumulative": 71.52474000000001
      }
    ]
  },
  "updatedAt": 1783336140849
}