{
  "symbol": "btcusdt",
  "timeframe": "1m",
  "candle": {
    "startTime": 1783334940000,
    "open": 62881.17,
    "high": 62881.17,
    "low": 62836.01,
    "close": 62840.76,
    "volume": 2455,
    "direction": "down",
    "volatility": 45.15999999999622,
    "totalVolume": 2455
  },
  "trades": {
    "count": 50080,
    "buyVolume": 104.46292999998438,
    "sellVolume": 140.62093999998206,
    "bigTrades": [
      {
        "price": 62859.14,
        "qty": 1.0194,
        "side": "sell",
        "value": 64078.607316,
        "time": 1783333103521
      },
      {
        "price": 62859.14,
        "qty": 0.98503,
        "side": "sell",
        "value": 61918.138674199996,
        "time": 1783333103792
      },
      {
        "price": 62856,
        "qty": 1.0194,
        "side": "buy",
        "value": 64075.40640000001,
        "time": 1783333143863
      },
      {
        "price": 62837.83,
        "qty": 1.01947,
        "side": "buy",
        "value": 64061.28255010001,
        "time": 1783333252137
      },
      {
        "price": 62876.57,
        "qty": 1.22566,
        "side": "buy",
        "value": 77065.2967862,
        "time": 1783333781160
      },
      {
        "price": 62876.57,
        "qty": 1.18937,
        "side": "buy",
        "value": 74783.5060609,
        "time": 1783333781161
      },
      {
        "price": 62883.53,
        "qty": 1.43429,
        "side": "buy",
        "value": 90193.2182437,
        "time": 1783333781194
      },
      {
        "price": 62883.54,
        "qty": 2.0898,
        "side": "buy",
        "value": 131414.021892,
        "time": 1783333781194
      },
      {
        "price": 62876,
        "qty": 0.96248,
        "side": "sell",
        "value": 60516.89248,
        "time": 1783333894957
      },
      {
        "price": 62882.02,
        "qty": 0.82074,
        "side": "buy",
        "value": 51609.7890948,
        "time": 1783333943400
      },
      {
        "price": 62979.04,
        "qty": 0.95754,
        "side": "sell",
        "value": 60304.949961599996,
        "time": 1783334049589
      },
      {
        "price": 62959.26,
        "qty": 0.80457,
        "side": "sell",
        "value": 50655.1318182,
        "time": 1783334302077
      },
      {
        "price": 62959.26,
        "qty": 1.8,
        "side": "sell",
        "value": 113326.668,
        "time": 1783334302077
      },
      {
        "price": 62959.26,
        "qty": 0.85232,
        "side": "sell",
        "value": 53661.4364832,
        "time": 1783334302078
      },
      {
        "price": 63025,
        "qty": 0.8507,
        "side": "sell",
        "value": 53615.3675,
        "time": 1783334389856
      },
      {
        "price": 63000,
        "qty": 1.01318,
        "side": "sell",
        "value": 63830.34,
        "time": 1783334434959
      },
      {
        "price": 62918.49,
        "qty": 1.0409,
        "side": "buy",
        "value": 65491.856240999994,
        "time": 1783334802646
      },
      {
        "price": 62894,
        "qty": 0.966,
        "side": "sell",
        "value": 60755.604,
        "time": 1783334929433
      },
      {
        "price": 62871.46,
        "qty": 4.21317,
        "side": "sell",
        "value": 264888.14912819996,
        "time": 1783334970246
      }
    ]
  },
  "depthImportant": {
    "buys": [
      {
        "side": "buy",
        "layer": 11,
        "price": 62836.29,
        "qty": 0.09867,
        "cumulative": 0.88943
      },
      {
        "side": "buy",
        "layer": 20,
        "price": 62834.47,
        "qty": 0.2184,
        "cumulative": 0.6805100000000001
      },
      {
        "side": "buy",
        "layer": 21,
        "price": 62834.46,
        "qty": 0.22509,
        "cumulative": 0.46211
      },
      {
        "side": "buy",
        "layer": 24,
        "price": 62834,
        "qty": 0.23702,
        "cumulative": 0.23702
      },
      {
        "side": "buy",
        "layer": 50,
        "price": 62831.21,
        "qty": 0.11025,
        "cumulative": 0.79076
      },
      {
        "side": "buy",
        "layer": 68,
        "price": 62829.17,
        "qty": 0.09728,
        "cumulative": 1.4244600000000003
      },
      {
        "side": "buy",
        "layer": 70,
        "price": 62829.03,
        "qty": 0.09871,
        "cumulative": 1.2284700000000002
      },
      {
        "side": "buy",
        "layer": 76,
        "price": 62828.31,
        "qty": 0.09871,
        "cumulative": 1.3271800000000002
      },
      {
        "side": "buy",
        "layer": 82,
        "price": 62828.03,
        "qty": 0.24033,
        "cumulative": 1.12976
      },
      {
        "side": "buy",
        "layer": 95,
        "price": 62827.15,
        "qty": 0.09584,
        "cumulative": 1.5203000000000002
      },
      {
        "side": "buy",
        "layer": 136,
        "price": 62823.75,
        "qty": 0.60574,
        "cumulative": 7.40493
      },
      {
        "side": "buy",
        "layer": 151,
        "price": 62821.3,
        "qty": 1.36317,
        "cumulative": 6.06611
      },
      {
        "side": "buy",
        "layer": 162,
        "price": 62820.41,
        "qty": 3.18264,
        "cumulative": 4.70294
      },
      {
        "side": "buy",
        "layer": 169,
        "price": 62819.68,
        "qty": 0.59139,
        "cumulative": 7.99632
      },
      {
        "side": "buy",
        "layer": 199,
        "price": 62815.69,
        "qty": 0.73308,
        "cumulative": 6.79919
      },
      {
        "side": "buy",
        "layer": 225,
        "price": 62812.41,
        "qty": 3.18288,
        "cumulative": 11.1792
      },
      {
        "side": "buy",
        "layer": 274,
        "price": 62805.7,
        "qty": 3.1806,
        "cumulative": 23.904980000000002
      },
      {
        "side": "buy",
        "layer": 342,
        "price": 62796.11,
        "qty": 3.18127,
        "cumulative": 17.543110000000002
      },
      {
        "side": "buy",
        "layer": 399,
        "price": 62786.05,
        "qty": 3.18127,
        "cumulative": 20.724380000000004
      },
      {
        "side": "buy",
        "layer": 466,
        "price": 62775.99,
        "qty": 3.18264,
        "cumulative": 14.36184
      },
      {
        "side": "buy",
        "layer": 749,
        "price": 62724.72,
        "qty": 4.78761,
        "cumulative": 49.55483000000001
      },
      {
        "side": "buy",
        "layer": 762,
        "price": 62721.91,
        "qty": 4.78782,
        "cumulative": 44.76722000000001
      },
      {
        "side": "buy",
        "layer": 880,
        "price": 62696.54,
        "qty": 4.78976,
        "cumulative": 39.979400000000005
      },
      {
        "side": "buy",
        "layer": 881,
        "price": 62696.46,
        "qty": 6.49445,
        "cumulative": 30.399430000000002
      },
      {
        "side": "buy",
        "layer": 905,
        "price": 62690.59,
        "qty": 4.79021,
        "cumulative": 35.189640000000004
      }
    ],
    "sells": [
      {
        "side": "sell",
        "layer": 1,
        "price": 62840.74,
        "qty": 8.82945,
        "cumulative": 8.82945
      },
      {
        "side": "sell",
        "layer": 2,
        "price": 62840.75,
        "qty": 3.70793,
        "cumulative": 12.537379999999999
      },
      {
        "side": "sell",
        "layer": 3,
        "price": 62840.76,
        "qty": 1.38197,
        "cumulative": 13.919349999999998
      },
      {
        "side": "sell",
        "layer": 4,
        "price": 62840.77,
        "qty": 0.74054,
        "cumulative": 14.659889999999997
      },
      {
        "side": "sell",
        "layer": 25,
        "price": 62843.87,
        "qty": 0.47687,
        "cumulative": 15.136759999999997
      },
      {
        "side": "sell",
        "layer": 54,
        "price": 62847.58,
        "qty": 1.04359,
        "cumulative": 24.861849999999997
      },
      {
        "side": "sell",
        "layer": 55,
        "price": 62847.59,
        "qty": 3.18286,
        "cumulative": 22.455389999999994
      },
      {
        "side": "sell",
        "layer": 79,
        "price": 62850.65,
        "qty": 0.79647,
        "cumulative": 25.658319999999996
      },
      {
        "side": "sell",
        "layer": 84,
        "price": 62851.41,
        "qty": 1.36287,
        "cumulative": 23.818259999999995
      },
      {
        "side": "sell",
        "layer": 85,
        "price": 62851.42,
        "qty": 4.13577,
        "cumulative": 19.272529999999996
      },
      {
        "side": "sell",
        "layer": 123,
        "price": 62855.92,
        "qty": 3.18286,
        "cumulative": 28.841179999999994
      },
      {
        "side": "sell",
        "layer": 149,
        "price": 62859.95,
        "qty": 2.14154,
        "cumulative": 37.346709999999995
      },
      {
        "side": "sell",
        "layer": 150,
        "price": 62859.96,
        "qty": 3.18264,
        "cumulative": 32.02381999999999
      },
      {
        "side": "sell",
        "layer": 162,
        "price": 62861.7,
        "qty": 1.60353,
        "cumulative": 38.950239999999994
      },
      {
        "side": "sell",
        "layer": 181,
        "price": 62864.86,
        "qty": 3.18135,
        "cumulative": 35.205169999999995
      },
      {
        "side": "sell",
        "layer": 231,
        "price": 62872.63,
        "qty": 4.1347,
        "cumulative": 47.30645
      },
      {
        "side": "sell",
        "layer": 283,
        "price": 62881.15,
        "qty": 3.6585,
        "cumulative": 54.73121999999999
      },
      {
        "side": "sell",
        "layer": 308,
        "price": 62887.28,
        "qty": 3.6585,
        "cumulative": 58.38972
      },
      {
        "side": "sell",
        "layer": 363,
        "price": 62895.27,
        "qty": 3.76627,
        "cumulative": 51.07272
      },
      {
        "side": "sell",
        "layer": 432,
        "price": 62912.31,
        "qty": 4.22151,
        "cumulative": 43.171749999999996
      },
      {
        "side": "sell",
        "layer": 614,
        "price": 62957.46,
        "qty": 4.76991,
        "cumulative": 69.37225
      },
      {
        "side": "sell",
        "layer": 770,
        "price": 63001.62,
        "qty": 6.21262,
        "cumulative": 64.60234
      },
      {
        "side": "sell",
        "layer": 821,
        "price": 63015.98,
        "qty": 3.98959,
        "cumulative": 73.36184
      },
      {
        "side": "sell",
        "layer": 838,
        "price": 63020.96,
        "qty": 3.72518,
        "cumulative": 77.08702
      },
      {
        "side": "sell",
        "layer": 970,
        "price": 63049.12,
        "qty": 3,
        "cumulative": 80.08702
      }
    ]
  },
  "updatedAt": 1783335000220
}