{
  "symbol": "btcusdt",
  "timeframe": "1m",
  "candle": {
    "startTime": 1783339560000,
    "open": 61920.01,
    "high": 62049.39,
    "low": 61900.01,
    "close": 62013.48,
    "volume": 12130,
    "direction": "up",
    "volatility": 149.37999999999738,
    "totalVolume": 12130
  },
  "trades": {
    "count": 139806,
    "buyVolume": 427.2901099999884,
    "sellVolume": 749.4087200000176,
    "bigTrades": [
      {
        "price": 62625.23,
        "qty": 1,
        "side": "sell",
        "value": 62625.23,
        "time": 1783339167026
      },
      {
        "price": 62620,
        "qty": 1.24966,
        "side": "sell",
        "value": 78253.7092,
        "time": 1783339167031
      },
      {
        "price": 62619.99,
        "qty": 3.19386,
        "side": "sell",
        "value": 199999.48126139998,
        "time": 1783339167031
      },
      {
        "price": 62613.03,
        "qty": 0.91264,
        "side": "buy",
        "value": 57143.1556992,
        "time": 1783339170937
      },
      {
        "price": 62622.48,
        "qty": 0.97939,
        "side": "buy",
        "value": 61331.8306872,
        "time": 1783339171185
      },
      {
        "price": 62645.12,
        "qty": 3.19284,
        "side": "sell",
        "value": 200015.84494080002,
        "time": 1783339171642
      },
      {
        "price": 62645.11,
        "qty": 3.19284,
        "side": "sell",
        "value": 200015.8130124,
        "time": 1783339171649
      },
      {
        "price": 62645.11,
        "qty": 1.10606,
        "side": "sell",
        "value": 69289.2503666,
        "time": 1783339171649
      },
      {
        "price": 62643.83,
        "qty": 0.94539,
        "side": "sell",
        "value": 59222.8504437,
        "time": 1783339171651
      },
      {
        "price": 62596.8,
        "qty": 1.54804,
        "side": "sell",
        "value": 96902.35027200001,
        "time": 1783339180632
      },
      {
        "price": 62596.79,
        "qty": 3.19397,
        "side": "sell",
        "value": 199932.2693563,
        "time": 1783339180632
      },
      {
        "price": 62591.28,
        "qty": 1.50598,
        "side": "sell",
        "value": 94261.2158544,
        "time": 1783339180635
      },
      {
        "price": 62591.27,
        "qty": 3.19397,
        "side": "sell",
        "value": 199914.6386419,
        "time": 1783339180635
      },
      {
        "price": 62591.24,
        "qty": 0.79935,
        "side": "sell",
        "value": 50032.307693999996,
        "time": 1783339180635
      },
      {
        "price": 62585.85,
        "qty": 1.66785,
        "side": "sell",
        "value": 104383.8099225,
        "time": 1783339180639
      },
      {
        "price": 62585.84,
        "qty": 3.19397,
        "side": "sell",
        "value": 199897.2953848,
        "time": 1783339180639
      },
      {
        "price": 62585.82,
        "qty": 1.1119,
        "side": "sell",
        "value": 69589.17325800001,
        "time": 1783339180639
      },
      {
        "price": 62576.12,
        "qty": 3.19397,
        "side": "sell",
        "value": 199866.24999640003,
        "time": 1783339180648
      },
      {
        "price": 62567.67,
        "qty": 1.86176,
        "side": "sell",
        "value": 116485.98529920001,
        "time": 1783339180840
      },
      {
        "price": 62567.66,
        "qty": 3.19397,
        "side": "sell",
        "value": 199839.2290102,
        "time": 1783339180840
      },
      {
        "price": 62567.4,
        "qty": 1.5838,
        "side": "sell",
        "value": 99094.24812,
        "time": 1783339180841
      },
      {
        "price": 62562.02,
        "qty": 2.5316,
        "side": "sell",
        "value": 158382.009832,
        "time": 1783339180847
      },
      {
        "price": 62562.01,
        "qty": 3.19397,
        "side": "sell",
        "value": 199821.18307970001,
        "time": 1783339180848
      },
      {
        "price": 62561.44,
        "qty": 1.61122,
        "side": "sell",
        "value": 100800.24335680001,
        "time": 1783339180848
      },
      {
        "price": 62560.27,
        "qty": 1.58398,
        "side": "sell",
        "value": 99094.21647459999,
        "time": 1783339180849
      },
      {
        "price": 62555.57,
        "qty": 1.21156,
        "side": "sell",
        "value": 75789.8263892,
        "time": 1783339180853
      },
      {
        "price": 62554.94,
        "qty": 1.58412,
        "side": "sell",
        "value": 99094.5315528,
        "time": 1783339180855
      },
      {
        "price": 62550.51,
        "qty": 3.19397,
        "side": "sell",
        "value": 199784.45242470002,
        "time": 1783339180860
      },
      {
        "price": 62547.69,
        "qty": 1.5843,
        "side": "sell",
        "value": 99094.305267,
        "time": 1783339180865
      },
      {
        "price": 62545,
        "qty": 10.32253,
        "side": "buy",
        "value": 645622.63885,
        "time": 1783339180868
      },
      {
        "price": 62545,
        "qty": 3.82692,
        "side": "buy",
        "value": 239354.7114,
        "time": 1783339180872
      },
      {
        "price": 62545,
        "qty": 3.13733,
        "side": "buy",
        "value": 196224.30485,
        "time": 1783339180872
      },
      {
        "price": 62545,
        "qty": 1.60037,
        "side": "buy",
        "value": 100095.14165,
        "time": 1783339180872
      },
      {
        "price": 62545,
        "qty": 7.05864,
        "side": "buy",
        "value": 441482.63879999996,
        "time": 1783339180872
      },
      {
        "price": 62599.83,
        "qty": 1.28,
        "side": "sell",
        "value": 80127.78240000001,
        "time": 1783339185272
      },
      {
        "price": 62599.83,
        "qty": 5.12,
        "side": "sell",
        "value": 320511.12960000004,
        "time": 1783339185272
      },
      {
        "price": 62520,
        "qty": 0.87933,
        "side": "sell",
        "value": 54975.711599999995,
        "time": 1783339190853
      },
      {
        "price": 62500.01,
        "qty": 2.82282,
        "side": "sell",
        "value": 176426.2782282,
        "time": 1783339198322
      },
      {
        "price": 62500.01,
        "qty": 0.99666,
        "side": "sell",
        "value": 62291.2599666,
        "time": 1783339198323
      },
      {
        "price": 62500.01,
        "qty": 0.94893,
        "side": "sell",
        "value": 59308.134489300006,
        "time": 1783339198323
      },
      {
        "price": 62500,
        "qty": 0.92892,
        "side": "sell",
        "value": 58057.5,
        "time": 1783339198559
      },
      {
        "price": 62500,
        "qty": 1.41546,
        "side": "sell",
        "value": 88466.25,
        "time": 1783339198559
      },
      {
        "price": 62500,
        "qty": 1.21637,
        "side": "sell",
        "value": 76023.125,
        "time": 1783339198565
      },
      {
        "price": 62500,
        "qty": 0.82232,
        "side": "sell",
        "value": 51395,
        "time": 1783339198569
      },
      {
        "price": 62443.38,
        "qty": 1.40548,
        "side": "sell",
        "value": 87762.9217224,
        "time": 1783339208248
      },
      {
        "price": 62414.02,
        "qty": 1.48808,
        "side": "buy",
        "value": 92877.0548816,
        "time": 1783339208852
      },
      {
        "price": 62417.96,
        "qty": 1.21145,
        "side": "buy",
        "value": 75616.237642,
        "time": 1783339208897
      },
      {
        "price": 62417.96,
        "qty": 3.20435,
        "side": "buy",
        "value": 200008.990126,
        "time": 1783339208897
      },
      {
        "price": 62417.97,
        "qty": 1.40145,
        "side": "buy",
        "value": 87475.66405650001,
        "time": 1783339208897
      },
      {
        "price": 62415.28,
        "qty": 1.53707,
        "side": "buy",
        "value": 95936.65442959999,
        "time": 1783339208912
      },
      {
        "price": 62417.97,
        "qty": 3.20435,
        "side": "buy",
        "value": 200009.02216949998,
        "time": 1783339208913
      },
      {
        "price": 62400,
        "qty": 1.01496,
        "side": "sell",
        "value": 63333.50400000001,
        "time": 1783339212201
      },
      {
        "price": 62390,
        "qty": 1.05578,
        "side": "buy",
        "value": 65870.1142,
        "time": 1783339212750
      },
      {
        "price": 62394.6,
        "qty": 3.2054,
        "side": "buy",
        "value": 199999.65084,
        "time": 1783339213945
      },
      {
        "price": 62409.99,
        "qty": 0.88258,
        "side": "buy",
        "value": 55081.8089742,
        "time": 1783339219360
      },
      {
        "price": 62300,
        "qty": 1.11511,
        "side": "sell",
        "value": 69471.353,
        "time": 1783339226001
      },
      {
        "price": 62286.14,
        "qty": 1.5398,
        "side": "sell",
        "value": 95908.198372,
        "time": 1783339226121
      },
      {
        "price": 62299,
        "qty": 1.81578,
        "side": "buy",
        "value": 113121.27822,
        "time": 1783339229389
      },
      {
        "price": 62300.14,
        "qty": 1.18611,
        "side": "sell",
        "value": 73894.8190554,
        "time": 1783339229857
      },
      {
        "price": 62298.33,
        "qty": 1.61664,
        "side": "sell",
        "value": 100713.9722112,
        "time": 1783339229858
      },
      {
        "price": 62298.32,
        "qty": 2.03002,
        "side": "sell",
        "value": 126466.8355664,
        "time": 1783339229858
      },
      {
        "price": 62297,
        "qty": 1.07241,
        "side": "sell",
        "value": 66807.92577,
        "time": 1783339229858
      },
      {
        "price": 62200,
        "qty": 0.93771,
        "side": "sell",
        "value": 58325.562000000005,
        "time": 1783339233657
      },
      {
        "price": 62200,
        "qty": 0.999,
        "side": "sell",
        "value": 62137.8,
        "time": 1783339233658
      },
      {
        "price": 62308.13,
        "qty": 1.31873,
        "side": "sell",
        "value": 82167.60027489999,
        "time": 1783339257201
      },
      {
        "price": 62302.98,
        "qty": 0.98268,
        "side": "sell",
        "value": 61223.8923864,
        "time": 1783339257203
      },
      {
        "price": 62212.87,
        "qty": 0.8665,
        "side": "sell",
        "value": 53907.45185500001,
        "time": 1783339318357
      },
      {
        "price": 62210.08,
        "qty": 0.8665,
        "side": "sell",
        "value": 53905.034320000006,
        "time": 1783339318359
      },
      {
        "price": 62206.65,
        "qty": 1.27009,
        "side": "sell",
        "value": 79008.0440985,
        "time": 1783339318362
      },
      {
        "price": 62206.64,
        "qty": 3.2146,
        "side": "sell",
        "value": 199969.46494399998,
        "time": 1783339318362
      },
      {
        "price": 62206.62,
        "qty": 0.8665,
        "side": "sell",
        "value": 53902.036230000005,
        "time": 1783339318362
      },
      {
        "price": 62202.76,
        "qty": 0.8665,
        "side": "sell",
        "value": 53898.69154000001,
        "time": 1783339318363
      },
      {
        "price": 62200.12,
        "qty": 2.46707,
        "side": "sell",
        "value": 153452.0500484,
        "time": 1783339318365
      },
      {
        "price": 62223.08,
        "qty": 1.27396,
        "side": "buy",
        "value": 79269.7149968,
        "time": 1783339321973
      },
      {
        "price": 62223.08,
        "qty": 6.58978,
        "side": "buy",
        "value": 410036.4081224,
        "time": 1783339321975
      },
      {
        "price": 62200,
        "qty": 10.7551,
        "side": "sell",
        "value": 668967.2200000001,
        "time": 1783339325801
      },
      {
        "price": 62200,
        "qty": 0.89401,
        "side": "sell",
        "value": 55607.422,
        "time": 1783339325807
      },
      {
        "price": 62200,
        "qty": 1.70273,
        "side": "sell",
        "value": 105909.80600000001,
        "time": 1783339325810
      },
      {
        "price": 62200,
        "qty": 0.89268,
        "side": "sell",
        "value": 55524.696,
        "time": 1783339325843
      },
      {
        "price": 62100,
        "qty": 1.09009,
        "side": "sell",
        "value": 67694.589,
        "time": 1783339330028
      },
      {
        "price": 62100,
        "qty": 1.48898,
        "side": "sell",
        "value": 92465.658,
        "time": 1783339330029
      },
      {
        "price": 62103.99,
        "qty": 1.01942,
        "side": "sell",
        "value": 63310.049485799995,
        "time": 1783339334318
      },
      {
        "price": 62110.95,
        "qty": 0.8861,
        "side": "buy",
        "value": 55036.512794999995,
        "time": 1783339334679
      },
      {
        "price": 62096.03,
        "qty": 0.8693,
        "side": "sell",
        "value": 53980.07887899999,
        "time": 1783339342315
      },
      {
        "price": 62096,
        "qty": 0.85691,
        "side": "sell",
        "value": 53210.683359999995,
        "time": 1783339342316
      },
      {
        "price": 62093.51,
        "qty": 0.8693,
        "side": "sell",
        "value": 53977.888243,
        "time": 1783339342319
      },
      {
        "price": 62091.01,
        "qty": 0.8693,
        "side": "sell",
        "value": 53975.714993,
        "time": 1783339342321
      },
      {
        "price": 62088.46,
        "qty": 0.8693,
        "side": "sell",
        "value": 53973.498278,
        "time": 1783339342458
      },
      {
        "price": 62085.83,
        "qty": 0.8693,
        "side": "sell",
        "value": 53971.212019,
        "time": 1783339342461
      },
      {
        "price": 62123.75,
        "qty": 1.75628,
        "side": "buy",
        "value": 109106.69965000001,
        "time": 1783339353597
      },
      {
        "price": 62121.26,
        "qty": 0.82867,
        "side": "buy",
        "value": 51478.0245242,
        "time": 1783339371542
      },
      {
        "price": 62079,
        "qty": 3.18863,
        "side": "sell",
        "value": 197946.96177,
        "time": 1783339382715
      },
      {
        "price": 62079,
        "qty": 3.52805,
        "side": "sell",
        "value": 219017.81595,
        "time": 1783339382848
      },
      {
        "price": 62074.7,
        "qty": 0.9937,
        "side": "sell",
        "value": 61683.62939,
        "time": 1783339383062
      },
      {
        "price": 62100,
        "qty": 1.65216,
        "side": "buy",
        "value": 102599.136,
        "time": 1783339387760
      },
      {
        "price": 62100,
        "qty": 1,
        "side": "buy",
        "value": 62100,
        "time": 1783339387760
      },
      {
        "price": 62100,
        "qty": 4,
        "side": "buy",
        "value": 248400,
        "time": 1783339387761
      },
      {
        "price": 62100,
        "qty": 2.4246,
        "side": "buy",
        "value": 150567.66,
        "time": 1783339387798
      },
      {
        "price": 62100,
        "qty": 1,
        "side": "buy",
        "value": 62100,
        "time": 1783339387798
      },
      {
        "price": 62100,
        "qty": 1,
        "side": "buy",
        "value": 62100,
        "time": 1783339387802
      },
      {
        "price": 62100,
        "qty": 1,
        "side": "buy",
        "value": 62100,
        "time": 1783339387802
      },
      {
        "price": 62100,
        "qty": 1,
        "side": "buy",
        "value": 62100,
        "time": 1783339387802
      },
      {
        "price": 62100,
        "qty": 1,
        "side": "buy",
        "value": 62100,
        "time": 1783339387803
      },
      {
        "price": 62100,
        "qty": 1,
        "side": "buy",
        "value": 62100,
        "time": 1783339387806
      },
      {
        "price": 62100,
        "qty": 0.95156,
        "side": "buy",
        "value": 59091.876,
        "time": 1783339387807
      },
      {
        "price": 62100,
        "qty": 1,
        "side": "buy",
        "value": 62100,
        "time": 1783339387810
      },
      {
        "price": 62100,
        "qty": 1.00834,
        "side": "buy",
        "value": 62617.914000000004,
        "time": 1783339387810
      },
      {
        "price": 62100,
        "qty": 1.30233,
        "side": "buy",
        "value": 80874.693,
        "time": 1783339387830
      },
      {
        "price": 62100,
        "qty": 1.36059,
        "side": "buy",
        "value": 84492.639,
        "time": 1783339387833
      },
      {
        "price": 62100,
        "qty": 1.01053,
        "side": "buy",
        "value": 62753.91299999999,
        "time": 1783339387846
      },
      {
        "price": 62100,
        "qty": 0.91471,
        "side": "buy",
        "value": 56803.491,
        "time": 1783339387853
      },
      {
        "price": 62100,
        "qty": 9.11415,
        "side": "buy",
        "value": 565988.7150000001,
        "time": 1783339387862
      },
      {
        "price": 62056,
        "qty": 0.82776,
        "side": "sell",
        "value": 51367.47456,
        "time": 1783339404628
      },
      {
        "price": 62000,
        "qty": 0.92157,
        "side": "sell",
        "value": 57137.34,
        "time": 1783339406254
      },
      {
        "price": 62000,
        "qty": 1.24284,
        "side": "sell",
        "value": 77056.08,
        "time": 1783339406257
      },
      {
        "price": 62000,
        "qty": 0.86,
        "side": "sell",
        "value": 53320,
        "time": 1783339406266
      },
      {
        "price": 62000,
        "qty": 1,
        "side": "sell",
        "value": 62000,
        "time": 1783339406267
      },
      {
        "price": 62000,
        "qty": 2,
        "side": "sell",
        "value": 124000,
        "time": 1783339406269
      },
      {
        "price": 62000,
        "qty": 1.01032,
        "side": "sell",
        "value": 62639.840000000004,
        "time": 1783339406271
      },
      {
        "price": 62000,
        "qty": 5,
        "side": "sell",
        "value": 310000,
        "time": 1783339406275
      },
      {
        "price": 61964.45,
        "qty": 1.46846,
        "side": "buy",
        "value": 90992.316247,
        "time": 1783339411067
      },
      {
        "price": 62004.24,
        "qty": 0.87049,
        "side": "sell",
        "value": 53974.070877599996,
        "time": 1783339439087
      },
      {
        "price": 62001.52,
        "qty": 1.59827,
        "side": "sell",
        "value": 99095.1693704,
        "time": 1783339439089
      },
      {
        "price": 62001.25,
        "qty": 0.87049,
        "side": "sell",
        "value": 53971.4681125,
        "time": 1783339439089
      },
      {
        "price": 61998.72,
        "qty": 1.24939,
        "side": "sell",
        "value": 77460.5807808,
        "time": 1783339439090
      },
      {
        "price": 61998.71,
        "qty": 0.87049,
        "side": "sell",
        "value": 53969.2570679,
        "time": 1783339439090
      },
      {
        "price": 61998.07,
        "qty": 3.22381,
        "side": "sell",
        "value": 199869.9980467,
        "time": 1783339439091
      },
      {
        "price": 61994.6,
        "qty": 0.95158,
        "side": "sell",
        "value": 58992.821467999995,
        "time": 1783339439092
      },
      {
        "price": 61994.59,
        "qty": 0.87049,
        "side": "sell",
        "value": 53965.67064909999,
        "time": 1783339439092
      },
      {
        "price": 61994.17,
        "qty": 1.59846,
        "side": "sell",
        "value": 99095.2009782,
        "time": 1783339439092
      },
      {
        "price": 61992.51,
        "qty": 0.95182,
        "side": "sell",
        "value": 59005.7108682,
        "time": 1783339439093
      },
      {
        "price": 61990.21,
        "qty": 3.22381,
        "side": "sell",
        "value": 199844.65890009998,
        "time": 1783339439094
      },
      {
        "price": 61990.04,
        "qty": 0.87191,
        "side": "sell",
        "value": 54049.7357764,
        "time": 1783339439094
      },
      {
        "price": 61987.91,
        "qty": 0.83675,
        "side": "sell",
        "value": 51868.3836925,
        "time": 1783339439095
      },
      {
        "price": 61987.9,
        "qty": 1.59862,
        "side": "sell",
        "value": 99095.096698,
        "time": 1783339439095
      },
      {
        "price": 61956.01,
        "qty": 2.40148,
        "side": "buy",
        "value": 148786.1188948,
        "time": 1783339458913
      },
      {
        "price": 61996.01,
        "qty": 0.87776,
        "side": "sell",
        "value": 54417.6177376,
        "time": 1783339470912
      },
      {
        "price": 61921.53,
        "qty": 0.96907,
        "side": "buy",
        "value": 60006.2970771,
        "time": 1783339508865
      },
      {
        "price": 61920.01,
        "qty": 1.10628,
        "side": "buy",
        "value": 68500.8686628,
        "time": 1783339515698
      },
      {
        "price": 61920.01,
        "qty": 0.9317,
        "side": "buy",
        "value": 57690.873317,
        "time": 1783339515699
      },
      {
        "price": 61920.01,
        "qty": 1.0338,
        "side": "sell",
        "value": 64012.90633800001,
        "time": 1783339516855
      },
      {
        "price": 61920.01,
        "qty": 1.0194,
        "side": "sell",
        "value": 63121.25819400001,
        "time": 1783339516858
      },
      {
        "price": 61920,
        "qty": 0.991,
        "side": "sell",
        "value": 61362.72,
        "time": 1783339517976
      },
      {
        "price": 61905.1,
        "qty": 1.12093,
        "side": "sell",
        "value": 69391.28374299999,
        "time": 1783339517988
      },
      {
        "price": 61905.08,
        "qty": 3.22997,
        "side": "sell",
        "value": 199951.5512476,
        "time": 1783339517988
      },
      {
        "price": 61902.96,
        "qty": 0.96907,
        "side": "sell",
        "value": 59988.3014472,
        "time": 1783339517990
      },
      {
        "price": 61900.17,
        "qty": 4.10267,
        "side": "sell",
        "value": 253955.9704539,
        "time": 1783339517993
      },
      {
        "price": 61900.16,
        "qty": 3.22997,
        "side": "sell",
        "value": 199935.6597952,
        "time": 1783339517993
      },
      {
        "price": 61900.12,
        "qty": 0.96907,
        "side": "sell",
        "value": 59985.549288400005,
        "time": 1783339517993
      },
      {
        "price": 61900,
        "qty": 8.07754,
        "side": "sell",
        "value": 499999.726,
        "time": 1783339518003
      },
      {
        "price": 61900,
        "qty": 1.40976,
        "side": "buy",
        "value": 87264.144,
        "time": 1783339518010
      },
      {
        "price": 61900,
        "qty": 0.84707,
        "side": "buy",
        "value": 52433.633,
        "time": 1783339518010
      },
      {
        "price": 61899.99,
        "qty": 1.0194,
        "side": "sell",
        "value": 63100.849806000006,
        "time": 1783339518620
      },
      {
        "price": 61888,
        "qty": 10,
        "side": "sell",
        "value": 618880,
        "time": 1783339521779
      },
      {
        "price": 61880,
        "qty": 0.91428,
        "side": "sell",
        "value": 56575.6464,
        "time": 1783339522793
      },
      {
        "price": 61876.02,
        "qty": 0.96907,
        "side": "sell",
        "value": 59962.194701399996,
        "time": 1783339539704
      },
      {
        "price": 61873.45,
        "qty": 0.96907,
        "side": "sell",
        "value": 59959.70419149999,
        "time": 1783339539706
      },
      {
        "price": 61870,
        "qty": 0.96907,
        "side": "sell",
        "value": 59956.3609,
        "time": 1783339539709
      },
      {
        "price": 61867.48,
        "qty": 0.96907,
        "side": "sell",
        "value": 59953.918843600004,
        "time": 1783339539711
      },
      {
        "price": 61864.49,
        "qty": 0.96907,
        "side": "sell",
        "value": 59951.021324299996,
        "time": 1783339539715
      },
      {
        "price": 61862.71,
        "qty": 1.48066,
        "side": "sell",
        "value": 91597.64018860001,
        "time": 1783339539716
      },
      {
        "price": 61862.7,
        "qty": 3.2324,
        "side": "sell",
        "value": 199964.99148,
        "time": 1783339539716
      },
      {
        "price": 61861.66,
        "qty": 0.96907,
        "side": "sell",
        "value": 59948.278856200006,
        "time": 1783339539718
      },
      {
        "price": 61858.97,
        "qty": 0.96907,
        "side": "sell",
        "value": 59945.6720579,
        "time": 1783339539721
      },
      {
        "price": 61858.64,
        "qty": 1.60196,
        "side": "sell",
        "value": 99095.0669344,
        "time": 1783339539727
      },
      {
        "price": 61856.18,
        "qty": 1.38399,
        "side": "sell",
        "value": 85608.3345582,
        "time": 1783339539729
      },
      {
        "price": 61856.17,
        "qty": 3.23261,
        "side": "sell",
        "value": 199956.8737037,
        "time": 1783339539729
      },
      {
        "price": 61856.15,
        "qty": 0.96907,
        "side": "sell",
        "value": 59942.9392805,
        "time": 1783339539729
      },
      {
        "price": 61851.74,
        "qty": 0.96907,
        "side": "sell",
        "value": 59938.6656818,
        "time": 1783339539826
      },
      {
        "price": 61851.07,
        "qty": 1.60216,
        "side": "sell",
        "value": 99095.3103112,
        "time": 1783339539827
      },
      {
        "price": 61848.02,
        "qty": 1.12525,
        "side": "sell",
        "value": 69594.484505,
        "time": 1783339539831
      },
      {
        "price": 61847.09,
        "qty": 1.63594,
        "side": "sell",
        "value": 101178.1284146,
        "time": 1783339539832
      },
      {
        "price": 61847.08,
        "qty": 3.23271,
        "side": "sell",
        "value": 199933.67398680001,
        "time": 1783339539833
      },
      {
        "price": 61846.73,
        "qty": 0.96907,
        "side": "sell",
        "value": 59933.810641100004,
        "time": 1783339539833
      },
      {
        "price": 61844.61,
        "qty": 1.60233,
        "side": "sell",
        "value": 99095.4739413,
        "time": 1783339539927
      },
      {
        "price": 61843.27,
        "qty": 0.96907,
        "side": "sell",
        "value": 59930.4576589,
        "time": 1783339539929
      },
      {
        "price": 61840.42,
        "qty": 1.34335,
        "side": "sell",
        "value": 83073.328207,
        "time": 1783339539932
      },
      {
        "price": 61840.41,
        "qty": 3.23271,
        "side": "sell",
        "value": 199912.1118111,
        "time": 1783339539932
      },
      {
        "price": 61840.41,
        "qty": 0.96907,
        "side": "sell",
        "value": 59927.6861187,
        "time": 1783339539932
      },
      {
        "price": 61835.53,
        "qty": 0.96907,
        "side": "sell",
        "value": 59922.9570571,
        "time": 1783339539937
      },
      {
        "price": 61834.64,
        "qty": 1.58658,
        "side": "sell",
        "value": 98105.60313120001,
        "time": 1783339539938
      },
      {
        "price": 61832.1,
        "qty": 1.60265,
        "side": "sell",
        "value": 99095.215065,
        "time": 1783339539941
      },
      {
        "price": 61831.12,
        "qty": 0.9706,
        "side": "sell",
        "value": 60013.285072000006,
        "time": 1783339539943
      },
      {
        "price": 61829.86,
        "qty": 1.34969,
        "side": "sell",
        "value": 83451.14374340001,
        "time": 1783339539944
      },
      {
        "price": 61829.85,
        "qty": 0.96907,
        "side": "sell",
        "value": 59917.4527395,
        "time": 1783339539944
      },
      {
        "price": 61828.02,
        "qty": 3.23258,
        "side": "sell",
        "value": 199864.0208916,
        "time": 1783339539945
      },
      {
        "price": 61826.31,
        "qty": 0.96907,
        "side": "sell",
        "value": 59914.02223169999,
        "time": 1783339539946
      },
      {
        "price": 61823.66,
        "qty": 0.96907,
        "side": "sell",
        "value": 59911.4541962,
        "time": 1783339539950
      },
      {
        "price": 61819,
        "qty": 0.96907,
        "side": "sell",
        "value": 59906.93833,
        "time": 1783339539955
      },
      {
        "price": 61818.11,
        "qty": 3.23195,
        "side": "sell",
        "value": 199793.0406145,
        "time": 1783339539960
      },
      {
        "price": 61810.32,
        "qty": 0.96907,
        "side": "sell",
        "value": 59898.526802399996,
        "time": 1783339539970
      },
      {
        "price": 61803.84,
        "qty": 1.91616,
        "side": "sell",
        "value": 118426.0460544,
        "time": 1783339539978
      },
      {
        "price": 61803.74,
        "qty": 0.96907,
        "side": "sell",
        "value": 59892.1503218,
        "time": 1783339539978
      },
      {
        "price": 61803.72,
        "qty": 4.85875,
        "side": "sell",
        "value": 300288.82454999996,
        "time": 1783339539978
      },
      {
        "price": 61800.03,
        "qty": 0.96907,
        "side": "sell",
        "value": 59888.555072099996,
        "time": 1783339539980
      },
      {
        "price": 61800.01,
        "qty": 1.53428,
        "side": "sell",
        "value": 94818.5193428,
        "time": 1783339539981
      },
      {
        "price": 61800,
        "qty": 3.07669,
        "side": "sell",
        "value": 190139.442,
        "time": 1783339540095
      },
      {
        "price": 61800,
        "qty": 1,
        "side": "sell",
        "value": 61800,
        "time": 1783339540096
      },
      {
        "price": 61800,
        "qty": 1.00323,
        "side": "sell",
        "value": 61999.614,
        "time": 1783339540099
      },
      {
        "price": 61800,
        "qty": 1,
        "side": "buy",
        "value": 61800,
        "time": 1783339540100
      },
      {
        "price": 61800,
        "qty": 7.87615,
        "side": "buy",
        "value": 486746.07,
        "time": 1783339540122
      },
      {
        "price": 61800,
        "qty": 2.9928,
        "side": "buy",
        "value": 184955.04,
        "time": 1783339540123
      },
      {
        "price": 61800,
        "qty": 6.05945,
        "side": "buy",
        "value": 374474.01,
        "time": 1783339540123
      },
      {
        "price": 61800,
        "qty": 2.3079,
        "side": "buy",
        "value": 142628.22,
        "time": 1783339540123
      },
      {
        "price": 61800,
        "qty": 1.09218,
        "side": "buy",
        "value": 67496.724,
        "time": 1783339540123
      },
      {
        "price": 61800,
        "qty": 6.39713,
        "side": "buy",
        "value": 395342.63399999996,
        "time": 1783339540123
      },
      {
        "price": 62003.22,
        "qty": 0.94835,
        "side": "buy",
        "value": 58800.753687000004,
        "time": 1783339587161
      },
      {
        "price": 62003.44,
        "qty": 2.14354,
        "side": "buy",
        "value": 132906.8537776,
        "time": 1783339587161
      },
      {
        "price": 62018.01,
        "qty": 1.56181,
        "side": "buy",
        "value": 96860.3481981,
        "time": 1783339598550
      },
      {
        "price": 62000,
        "qty": 0.92876,
        "side": "sell",
        "value": 57583.12,
        "time": 1783339607981
      },
      {
        "price": 62000,
        "qty": 1.2486,
        "side": "sell",
        "value": 77413.2,
        "time": 1783339607981
      },
      {
        "price": 62000,
        "qty": 1,
        "side": "sell",
        "value": 62000,
        "time": 1783339607981
      },
      {
        "price": 62000,
        "qty": 1,
        "side": "sell",
        "value": 62000,
        "time": 1783339607981
      },
      {
        "price": 62000,
        "qty": 1.03421,
        "side": "sell",
        "value": 64121.020000000004,
        "time": 1783339607981
      },
      {
        "price": 62000,
        "qty": 1,
        "side": "sell",
        "value": 62000,
        "time": 1783339609532
      },
      {
        "price": 62000,
        "qty": 1,
        "side": "sell",
        "value": 62000,
        "time": 1783339609532
      }
    ]
  },
  "depthImportant": {
    "buys": [
      {
        "side": "buy",
        "layer": 1,
        "price": 62013.47,
        "qty": 1.27731,
        "cumulative": 2.9136100000000003
      },
      {
        "side": "buy",
        "layer": 3,
        "price": 62013.45,
        "qty": 1.6363,
        "cumulative": 1.6363
      },
      {
        "side": "buy",
        "layer": 27,
        "price": 62004.7,
        "qty": 0.40365,
        "cumulative": 3.79346
      },
      {
        "side": "buy",
        "layer": 32,
        "price": 62003.46,
        "qty": 0.10845,
        "cumulative": 3.90191
      },
      {
        "side": "buy",
        "layer": 36,
        "price": 62002.64,
        "qty": 0.4762,
        "cumulative": 3.38981
      },
      {
        "side": "buy",
        "layer": 54,
        "price": 61999.17,
        "qty": 0.10836,
        "cumulative": 6.10747
      },
      {
        "side": "buy",
        "layer": 58,
        "price": 61998.6,
        "qty": 0.13077,
        "cumulative": 5.99911
      },
      {
        "side": "buy",
        "layer": 59,
        "price": 61998.59,
        "qty": 0.87067,
        "cumulative": 5.64334
      },
      {
        "side": "buy",
        "layer": 72,
        "price": 61996.15,
        "qty": 0.225,
        "cumulative": 5.86834
      },
      {
        "side": "buy",
        "layer": 76,
        "price": 61995.91,
        "qty": 0.87076,
        "cumulative": 4.77267
      },
      {
        "side": "buy",
        "layer": 120,
        "price": 61989.17,
        "qty": 0.87067,
        "cumulative": 12.748830000000002
      },
      {
        "side": "buy",
        "layer": 133,
        "price": 61986.29,
        "qty": 0.87067,
        "cumulative": 13.619500000000002
      },
      {
        "side": "buy",
        "layer": 155,
        "price": 61982.73,
        "qty": 3.22613,
        "cumulative": 9.3336
      },
      {
        "side": "buy",
        "layer": 174,
        "price": 61977.52,
        "qty": 1.59889,
        "cumulative": 10.932490000000001
      },
      {
        "side": "buy",
        "layer": 199,
        "price": 61973,
        "qty": 0.94567,
        "cumulative": 11.878160000000001
      },
      {
        "side": "buy",
        "layer": 242,
        "price": 61964.02,
        "qty": 3.22721,
        "cumulative": 25.317030000000003
      },
      {
        "side": "buy",
        "layer": 362,
        "price": 61936.57,
        "qty": 1.59995,
        "cumulative": 29.43004
      },
      {
        "side": "buy",
        "layer": 468,
        "price": 61907.44,
        "qty": 3.61951,
        "cumulative": 22.089820000000003
      },
      {
        "side": "buy",
        "layer": 476,
        "price": 61904.97,
        "qty": 4.85081,
        "cumulative": 18.47031
      },
      {
        "side": "buy",
        "layer": 488,
        "price": 61900.49,
        "qty": 2.51306,
        "cumulative": 27.830090000000002
      },
      {
        "side": "buy",
        "layer": 670,
        "price": 61843.5,
        "qty": 6.57767,
        "cumulative": 36.00771
      },
      {
        "side": "buy",
        "layer": 683,
        "price": 61840.44,
        "qty": 4.85587,
        "cumulative": 55.44468000000001
      },
      {
        "side": "buy",
        "layer": 764,
        "price": 61808.5,
        "qty": 4.85838,
        "cumulative": 50.58881000000001
      },
      {
        "side": "buy",
        "layer": 877,
        "price": 61775.96,
        "qty": 4.86094,
        "cumulative": 45.730430000000005
      },
      {
        "side": "buy",
        "layer": 913,
        "price": 61765.2,
        "qty": 4.86178,
        "cumulative": 40.869490000000006
      }
    ],
    "sells": [
      {
        "side": "sell",
        "layer": 1,
        "price": 62013.48,
        "qty": 5.58298,
        "cumulative": 5.58298
      },
      {
        "side": "sell",
        "layer": 26,
        "price": 62018.19,
        "qty": 1.42583,
        "cumulative": 14.348360000000001
      },
      {
        "side": "sell",
        "layer": 27,
        "price": 62018.2,
        "qty": 3.22549,
        "cumulative": 12.922530000000002
      },
      {
        "side": "sell",
        "layer": 46,
        "price": 62021.99,
        "qty": 1.19562,
        "cumulative": 15.543980000000001
      },
      {
        "side": "sell",
        "layer": 47,
        "price": 62022,
        "qty": 4.11406,
        "cumulative": 9.697040000000001
      },
      {
        "side": "sell",
        "layer": 60,
        "price": 62025.01,
        "qty": 1.30813,
        "cumulative": 24.62515
      },
      {
        "side": "sell",
        "layer": 61,
        "price": 62025.32,
        "qty": 0.87067,
        "cumulative": 25.495820000000002
      },
      {
        "side": "sell",
        "layer": 67,
        "price": 62026.1,
        "qty": 3.22539,
        "cumulative": 21.99658
      },
      {
        "side": "sell",
        "layer": 78,
        "price": 62028,
        "qty": 1.32044,
        "cumulative": 23.317020000000003
      },
      {
        "side": "sell",
        "layer": 86,
        "price": 62029.92,
        "qty": 3.22721,
        "cumulative": 18.77119
      },
      {
        "side": "sell",
        "layer": 109,
        "price": 62033.65,
        "qty": 1.46655,
        "cumulative": 36.596759999999996
      },
      {
        "side": "sell",
        "layer": 110,
        "price": 62033.66,
        "qty": 3.22721,
        "cumulative": 28.72303
      },
      {
        "side": "sell",
        "layer": 160,
        "price": 62040.27,
        "qty": 3.22721,
        "cumulative": 31.95024
      },
      {
        "side": "sell",
        "layer": 190,
        "price": 62045.99,
        "qty": 1.58286,
        "cumulative": 35.13021
      },
      {
        "side": "sell",
        "layer": 195,
        "price": 62046.51,
        "qty": 1.59711,
        "cumulative": 33.54735
      },
      {
        "side": "sell",
        "layer": 205,
        "price": 62047.71,
        "qty": 3.22721,
        "cumulative": 48.26932
      },
      {
        "side": "sell",
        "layer": 254,
        "price": 62055.15,
        "qty": 3.22721,
        "cumulative": 51.49653
      },
      {
        "side": "sell",
        "layer": 291,
        "price": 62059.53,
        "qty": 3.22721,
        "cumulative": 54.72374
      },
      {
        "side": "sell",
        "layer": 482,
        "price": 62088.01,
        "qty": 3.60898,
        "cumulative": 45.04211
      },
      {
        "side": "sell",
        "layer": 492,
        "price": 62089.83,
        "qty": 4.83637,
        "cumulative": 41.43313
      },
      {
        "side": "sell",
        "layer": 586,
        "price": 62105.97,
        "qty": 4.83511,
        "cumulative": 66.18352999999999
      },
      {
        "side": "sell",
        "layer": 633,
        "price": 62114.37,
        "qty": 4.83445,
        "cumulative": 71.01798
      },
      {
        "side": "sell",
        "layer": 709,
        "price": 62128.08,
        "qty": 4.83339,
        "cumulative": 75.85136999999999
      },
      {
        "side": "sell",
        "layer": 711,
        "price": 62128.23,
        "qty": 4.83338,
        "cumulative": 80.68475
      },
      {
        "side": "sell",
        "layer": 871,
        "price": 62160.11,
        "qty": 6.62468,
        "cumulative": 61.34842
      }
    ]
  },
  "updatedAt": 1783339620361
}