{
  "symbol": "btcusdt",
  "timeframe": "1m",
  "candle": {
    "startTime": 1783335900000,
    "open": 62877.25,
    "high": 62877.25,
    "low": 62865.13,
    "close": 62865.14,
    "volume": 1026,
    "direction": "down",
    "volatility": 12.12000000000262,
    "totalVolume": 1026
  },
  "trades": {
    "count": 72667,
    "buyVolume": 155.4603299999712,
    "sellVolume": 172.0525399999697,
    "bigTrades": [
      {
        "price": 62859.14,
        "qty": 1.0194,
        "side": "sell",
        "value": 64078.607316,
        "time": 1783333103521
      },
      {
        "price": 62859.14,
        "qty": 0.98503,
        "side": "sell",
        "value": 61918.138674199996,
        "time": 1783333103792
      },
      {
        "price": 62856,
        "qty": 1.0194,
        "side": "buy",
        "value": 64075.40640000001,
        "time": 1783333143863
      },
      {
        "price": 62837.83,
        "qty": 1.01947,
        "side": "buy",
        "value": 64061.28255010001,
        "time": 1783333252137
      },
      {
        "price": 62876.57,
        "qty": 1.22566,
        "side": "buy",
        "value": 77065.2967862,
        "time": 1783333781160
      },
      {
        "price": 62876.57,
        "qty": 1.18937,
        "side": "buy",
        "value": 74783.5060609,
        "time": 1783333781161
      },
      {
        "price": 62883.53,
        "qty": 1.43429,
        "side": "buy",
        "value": 90193.2182437,
        "time": 1783333781194
      },
      {
        "price": 62883.54,
        "qty": 2.0898,
        "side": "buy",
        "value": 131414.021892,
        "time": 1783333781194
      },
      {
        "price": 62876,
        "qty": 0.96248,
        "side": "sell",
        "value": 60516.89248,
        "time": 1783333894957
      },
      {
        "price": 62882.02,
        "qty": 0.82074,
        "side": "buy",
        "value": 51609.7890948,
        "time": 1783333943400
      },
      {
        "price": 62979.04,
        "qty": 0.95754,
        "side": "sell",
        "value": 60304.949961599996,
        "time": 1783334049589
      },
      {
        "price": 62959.26,
        "qty": 0.80457,
        "side": "sell",
        "value": 50655.1318182,
        "time": 1783334302077
      },
      {
        "price": 62959.26,
        "qty": 1.8,
        "side": "sell",
        "value": 113326.668,
        "time": 1783334302077
      },
      {
        "price": 62959.26,
        "qty": 0.85232,
        "side": "sell",
        "value": 53661.4364832,
        "time": 1783334302078
      },
      {
        "price": 63025,
        "qty": 0.8507,
        "side": "sell",
        "value": 53615.3675,
        "time": 1783334389856
      },
      {
        "price": 63000,
        "qty": 1.01318,
        "side": "sell",
        "value": 63830.34,
        "time": 1783334434959
      },
      {
        "price": 62918.49,
        "qty": 1.0409,
        "side": "buy",
        "value": 65491.856240999994,
        "time": 1783334802646
      },
      {
        "price": 62894,
        "qty": 0.966,
        "side": "sell",
        "value": 60755.604,
        "time": 1783334929433
      },
      {
        "price": 62871.46,
        "qty": 4.21317,
        "side": "sell",
        "value": 264888.14912819996,
        "time": 1783334970246
      },
      {
        "price": 62827.8,
        "qty": 0.9888,
        "side": "buy",
        "value": 62124.12864,
        "time": 1783335003475
      },
      {
        "price": 62827.8,
        "qty": 3.18352,
        "side": "buy",
        "value": 200013.55785600003,
        "time": 1783335003477
      },
      {
        "price": 62833.43,
        "qty": 0.99935,
        "side": "buy",
        "value": 62792.5882705,
        "time": 1783335197280
      },
      {
        "price": 62840.01,
        "qty": 0.8167,
        "side": "buy",
        "value": 51321.436167,
        "time": 1783335224033
      },
      {
        "price": 62820,
        "qty": 3.18369,
        "side": "buy",
        "value": 199999.4058,
        "time": 1783335565420
      },
      {
        "price": 62871.03,
        "qty": 1.36622,
        "side": "sell",
        "value": 85895.6586066,
        "time": 1783335908214
      },
      {
        "price": 62870.71,
        "qty": 0.86668,
        "side": "sell",
        "value": 54488.7869428,
        "time": 1783335926908
      },
      {
        "price": 62870.71,
        "qty": 4.77182,
        "side": "sell",
        "value": 300007.71139219997,
        "time": 1783335928709
      }
    ]
  },
  "depthImportant": {
    "buys": [
      {
        "side": "buy",
        "layer": 1,
        "price": 62865.13,
        "qty": 1.3437,
        "cumulative": 6.1159
      },
      {
        "side": "buy",
        "layer": 6,
        "price": 62864.95,
        "qty": 4.7722,
        "cumulative": 4.7722
      },
      {
        "side": "buy",
        "layer": 34,
        "price": 62859.28,
        "qty": 0.09623,
        "cumulative": 6.35213
      },
      {
        "side": "buy",
        "layer": 35,
        "price": 62859.27,
        "qty": 0.14,
        "cumulative": 6.2559
      },
      {
        "side": "buy",
        "layer": 47,
        "price": 62857.58,
        "qty": 0.08606,
        "cumulative": 6.43819
      },
      {
        "side": "buy",
        "layer": 58,
        "price": 62856.25,
        "qty": 0.11625,
        "cumulative": 7.210329999999999
      },
      {
        "side": "buy",
        "layer": 60,
        "price": 62856,
        "qty": 0.11107,
        "cumulative": 7.321399999999999
      },
      {
        "side": "buy",
        "layer": 72,
        "price": 62853.7,
        "qty": 0.225,
        "cumulative": 7.094079999999999
      },
      {
        "side": "buy",
        "layer": 75,
        "price": 62853.18,
        "qty": 0.10873,
        "cumulative": 7.430129999999998
      },
      {
        "side": "buy",
        "layer": 94,
        "price": 62851.04,
        "qty": 0.43089,
        "cumulative": 6.869079999999999
      },
      {
        "side": "buy",
        "layer": 108,
        "price": 62849.9,
        "qty": 1.54765,
        "cumulative": 22.18181
      },
      {
        "side": "buy",
        "layer": 109,
        "price": 62849.89,
        "qty": 3.18141,
        "cumulative": 20.634159999999998
      },
      {
        "side": "buy",
        "layer": 133,
        "price": 62845.59,
        "qty": 3.65784,
        "cumulative": 11.087969999999999
      },
      {
        "side": "buy",
        "layer": 166,
        "price": 62840.28,
        "qty": 3.1823,
        "cumulative": 17.452749999999998
      },
      {
        "side": "buy",
        "layer": 191,
        "price": 62836.05,
        "qty": 3.18248,
        "cumulative": 14.270449999999999
      },
      {
        "side": "buy",
        "layer": 232,
        "price": 62830.73,
        "qty": 3.18248,
        "cumulative": 25.364289999999997
      },
      {
        "side": "buy",
        "layer": 277,
        "price": 62822.76,
        "qty": 3.1808,
        "cumulative": 34.90759
      },
      {
        "side": "buy",
        "layer": 328,
        "price": 62814.79,
        "qty": 3.1808,
        "cumulative": 38.08839
      },
      {
        "side": "buy",
        "layer": 364,
        "price": 62808.82,
        "qty": 3.18111,
        "cumulative": 31.726789999999998
      },
      {
        "side": "buy",
        "layer": 416,
        "price": 62800.85,
        "qty": 3.18139,
        "cumulative": 28.545679999999997
      },
      {
        "side": "buy",
        "layer": 811,
        "price": 62724.72,
        "qty": 4.78761,
        "cumulative": 63.65469999999999
      },
      {
        "side": "buy",
        "layer": 859,
        "price": 62715.04,
        "qty": 6.41088,
        "cumulative": 44.499269999999996
      },
      {
        "side": "buy",
        "layer": 870,
        "price": 62712.46,
        "qty": 4.7885,
        "cumulative": 54.07867999999999
      },
      {
        "side": "buy",
        "layer": 871,
        "price": 62712.35,
        "qty": 4.78841,
        "cumulative": 58.86708999999999
      },
      {
        "side": "buy",
        "layer": 997,
        "price": 62680.85,
        "qty": 4.79091,
        "cumulative": 49.29017999999999
      }
    ],
    "sells": [
      {
        "side": "sell",
        "layer": 1,
        "price": 62865.14,
        "qty": 5.63085,
        "cumulative": 5.63085
      },
      {
        "side": "sell",
        "layer": 6,
        "price": 62865.58,
        "qty": 0.95205,
        "cumulative": 10.904319999999998
      },
      {
        "side": "sell",
        "layer": 34,
        "price": 62870.69,
        "qty": 1.14003,
        "cumulative": 9.952269999999999
      },
      {
        "side": "sell",
        "layer": 47,
        "price": 62872.12,
        "qty": 3.18139,
        "cumulative": 8.81224
      },
      {
        "side": "sell",
        "layer": 49,
        "price": 62872.43,
        "qty": 0.78331,
        "cumulative": 11.687629999999999
      },
      {
        "side": "sell",
        "layer": 65,
        "price": 62874.72,
        "qty": 0.57312,
        "cumulative": 19.41877
      },
      {
        "side": "sell",
        "layer": 76,
        "price": 62875.64,
        "qty": 0.79617,
        "cumulative": 18.84565
      },
      {
        "side": "sell",
        "layer": 83,
        "price": 62876.14,
        "qty": 1.57732,
        "cumulative": 18.04948
      },
      {
        "side": "sell",
        "layer": 84,
        "price": 62876.15,
        "qty": 3.18139,
        "cumulative": 14.869019999999999
      },
      {
        "side": "sell",
        "layer": 88,
        "price": 62876.64,
        "qty": 1.60314,
        "cumulative": 16.47216
      },
      {
        "side": "sell",
        "layer": 118,
        "price": 62879.93,
        "qty": 3.18139,
        "cumulative": 22.60016
      },
      {
        "side": "sell",
        "layer": 143,
        "price": 62883.99,
        "qty": 3.1808,
        "cumulative": 25.78096
      },
      {
        "side": "sell",
        "layer": 152,
        "price": 62884.78,
        "qty": 1.91162,
        "cumulative": 30.87338
      },
      {
        "side": "sell",
        "layer": 171,
        "price": 62887.77,
        "qty": 3.1808,
        "cumulative": 28.96176
      },
      {
        "side": "sell",
        "layer": 177,
        "price": 62888.13,
        "qty": 1.57575,
        "cumulative": 32.449130000000004
      },
      {
        "side": "sell",
        "layer": 237,
        "price": 62895.4,
        "qty": 3.18295,
        "cumulative": 43.33921
      },
      {
        "side": "sell",
        "layer": 277,
        "price": 62902.95,
        "qty": 3.18295,
        "cumulative": 46.52216
      },
      {
        "side": "sell",
        "layer": 326,
        "price": 62910.34,
        "qty": 3.18248,
        "cumulative": 49.70464
      },
      {
        "side": "sell",
        "layer": 375,
        "price": 62921.08,
        "qty": 3.76472,
        "cumulative": 40.15626
      },
      {
        "side": "sell",
        "layer": 464,
        "price": 62938.64,
        "qty": 3.94241,
        "cumulative": 36.391540000000006
      },
      {
        "side": "sell",
        "layer": 548,
        "price": 62958.19,
        "qty": 4.76981,
        "cumulative": 60.72276
      },
      {
        "side": "sell",
        "layer": 573,
        "price": 62964.2,
        "qty": 4.76935,
        "cumulative": 65.49211
      },
      {
        "side": "sell",
        "layer": 664,
        "price": 62985.23,
        "qty": 4.76776,
        "cumulative": 70.25986999999999
      },
      {
        "side": "sell",
        "layer": 706,
        "price": 62996.97,
        "qty": 4.76687,
        "cumulative": 75.02673999999999
      },
      {
        "side": "sell",
        "layer": 796,
        "price": 63021.73,
        "qty": 6.24831,
        "cumulative": 55.95295
      }
    ]
  },
  "updatedAt": 1783335960741
}