{
  "symbol": "btcusdt",
  "timeframe": "1m",
  "candle": {
    "startTime": 1783338120000,
    "open": 62898.01,
    "high": 62900,
    "low": 62898,
    "close": 62899.99,
    "volume": 460,
    "direction": "up",
    "volatility": 2,
    "totalVolume": 460
  },
  "trades": {
    "count": 109043,
    "buyVolume": 262.9735999999577,
    "sellVolume": 229.18500999995328,
    "bigTrades": [
      {
        "price": 62859.14,
        "qty": 1.0194,
        "side": "sell",
        "value": 64078.607316,
        "time": 1783333103521
      },
      {
        "price": 62859.14,
        "qty": 0.98503,
        "side": "sell",
        "value": 61918.138674199996,
        "time": 1783333103792
      },
      {
        "price": 62856,
        "qty": 1.0194,
        "side": "buy",
        "value": 64075.40640000001,
        "time": 1783333143863
      },
      {
        "price": 62837.83,
        "qty": 1.01947,
        "side": "buy",
        "value": 64061.28255010001,
        "time": 1783333252137
      },
      {
        "price": 62876.57,
        "qty": 1.22566,
        "side": "buy",
        "value": 77065.2967862,
        "time": 1783333781160
      },
      {
        "price": 62876.57,
        "qty": 1.18937,
        "side": "buy",
        "value": 74783.5060609,
        "time": 1783333781161
      },
      {
        "price": 62883.53,
        "qty": 1.43429,
        "side": "buy",
        "value": 90193.2182437,
        "time": 1783333781194
      },
      {
        "price": 62883.54,
        "qty": 2.0898,
        "side": "buy",
        "value": 131414.021892,
        "time": 1783333781194
      },
      {
        "price": 62876,
        "qty": 0.96248,
        "side": "sell",
        "value": 60516.89248,
        "time": 1783333894957
      },
      {
        "price": 62882.02,
        "qty": 0.82074,
        "side": "buy",
        "value": 51609.7890948,
        "time": 1783333943400
      },
      {
        "price": 62979.04,
        "qty": 0.95754,
        "side": "sell",
        "value": 60304.949961599996,
        "time": 1783334049589
      },
      {
        "price": 62959.26,
        "qty": 0.80457,
        "side": "sell",
        "value": 50655.1318182,
        "time": 1783334302077
      },
      {
        "price": 62959.26,
        "qty": 1.8,
        "side": "sell",
        "value": 113326.668,
        "time": 1783334302077
      },
      {
        "price": 62959.26,
        "qty": 0.85232,
        "side": "sell",
        "value": 53661.4364832,
        "time": 1783334302078
      },
      {
        "price": 63025,
        "qty": 0.8507,
        "side": "sell",
        "value": 53615.3675,
        "time": 1783334389856
      },
      {
        "price": 63000,
        "qty": 1.01318,
        "side": "sell",
        "value": 63830.34,
        "time": 1783334434959
      },
      {
        "price": 62918.49,
        "qty": 1.0409,
        "side": "buy",
        "value": 65491.856240999994,
        "time": 1783334802646
      },
      {
        "price": 62894,
        "qty": 0.966,
        "side": "sell",
        "value": 60755.604,
        "time": 1783334929433
      },
      {
        "price": 62871.46,
        "qty": 4.21317,
        "side": "sell",
        "value": 264888.14912819996,
        "time": 1783334970246
      },
      {
        "price": 62827.8,
        "qty": 0.9888,
        "side": "buy",
        "value": 62124.12864,
        "time": 1783335003475
      },
      {
        "price": 62827.8,
        "qty": 3.18352,
        "side": "buy",
        "value": 200013.55785600003,
        "time": 1783335003477
      },
      {
        "price": 62833.43,
        "qty": 0.99935,
        "side": "buy",
        "value": 62792.5882705,
        "time": 1783335197280
      },
      {
        "price": 62840.01,
        "qty": 0.8167,
        "side": "buy",
        "value": 51321.436167,
        "time": 1783335224033
      },
      {
        "price": 62820,
        "qty": 3.18369,
        "side": "buy",
        "value": 199999.4058,
        "time": 1783335565420
      },
      {
        "price": 62871.03,
        "qty": 1.36622,
        "side": "sell",
        "value": 85895.6586066,
        "time": 1783335908214
      },
      {
        "price": 62870.71,
        "qty": 0.86668,
        "side": "sell",
        "value": 54488.7869428,
        "time": 1783335926908
      },
      {
        "price": 62870.71,
        "qty": 4.77182,
        "side": "sell",
        "value": 300007.71139219997,
        "time": 1783335928709
      },
      {
        "price": 62864.76,
        "qty": 0.91128,
        "side": "sell",
        "value": 57287.3984928,
        "time": 1783335983408
      },
      {
        "price": 62850.01,
        "qty": 0.84409,
        "side": "buy",
        "value": 53051.0649409,
        "time": 1783335991595
      },
      {
        "price": 62819.85,
        "qty": 0.87148,
        "side": "sell",
        "value": 54746.242878,
        "time": 1783336539602
      },
      {
        "price": 62819.85,
        "qty": 1.1893,
        "side": "sell",
        "value": 74711.647605,
        "time": 1783336539603
      },
      {
        "price": 62807.68,
        "qty": 0.83728,
        "side": "sell",
        "value": 52587.6143104,
        "time": 1783336572523
      },
      {
        "price": 62800,
        "qty": 1.13713,
        "side": "buy",
        "value": 71411.764,
        "time": 1783336689607
      },
      {
        "price": 62819.85,
        "qty": 1.18931,
        "side": "buy",
        "value": 74712.2758035,
        "time": 1783336751623
      },
      {
        "price": 62835.04,
        "qty": 1.20917,
        "side": "buy",
        "value": 75978.2453168,
        "time": 1783336781936
      },
      {
        "price": 62835.05,
        "qty": 3.18369,
        "side": "buy",
        "value": 200047.3203345,
        "time": 1783336781937
      },
      {
        "price": 62838.85,
        "qty": 1.29174,
        "side": "buy",
        "value": 81171.456099,
        "time": 1783336781941
      },
      {
        "price": 62976.01,
        "qty": 1.01189,
        "side": "buy",
        "value": 63724.794758899996,
        "time": 1783337629736
      },
      {
        "price": 62922.99,
        "qty": 1.39242,
        "side": "buy",
        "value": 87615.22973579999,
        "time": 1783338032710
      },
      {
        "price": 62923,
        "qty": 3.17928,
        "side": "buy",
        "value": 200049.83544,
        "time": 1783338032710
      },
      {
        "price": 62898.77,
        "qty": 0.83876,
        "side": "buy",
        "value": 52756.9723252,
        "time": 1783338161752
      }
    ]
  },
  "depthImportant": {
    "buys": [
      {
        "side": "buy",
        "layer": 1,
        "price": 62899.99,
        "qty": 5.32469,
        "cumulative": 5.32469
      },
      {
        "side": "buy",
        "layer": 5,
        "price": 62898.79,
        "qty": 0.9936,
        "cumulative": 14.063250000000002
      },
      {
        "side": "buy",
        "layer": 7,
        "price": 62898.76,
        "qty": 3.23037,
        "cumulative": 8.555060000000001
      },
      {
        "side": "buy",
        "layer": 49,
        "price": 62893.12,
        "qty": 1.33488,
        "cumulative": 13.069650000000001
      },
      {
        "side": "buy",
        "layer": 50,
        "price": 62893.11,
        "qty": 3.17971,
        "cumulative": 11.734770000000001
      },
      {
        "side": "buy",
        "layer": 51,
        "price": 62892.63,
        "qty": 0.57296,
        "cumulative": 20.935480000000002
      },
      {
        "side": "buy",
        "layer": 73,
        "price": 62889.96,
        "qty": 0.57299,
        "cumulative": 20.362520000000004
      },
      {
        "side": "buy",
        "layer": 80,
        "price": 62889.48,
        "qty": 0.66,
        "cumulative": 19.789530000000003
      },
      {
        "side": "buy",
        "layer": 83,
        "price": 62888.91,
        "qty": 1.31461,
        "cumulative": 19.129530000000003
      },
      {
        "side": "buy",
        "layer": 84,
        "price": 62888.89,
        "qty": 3.75167,
        "cumulative": 17.81492
      },
      {
        "side": "buy",
        "layer": 128,
        "price": 62884.7,
        "qty": 1.36574,
        "cumulative": 28.67338
      },
      {
        "side": "buy",
        "layer": 129,
        "price": 62884.69,
        "qty": 3.19245,
        "cumulative": 24.127930000000003
      },
      {
        "side": "buy",
        "layer": 160,
        "price": 62879.39,
        "qty": 1.29225,
        "cumulative": 29.96563
      },
      {
        "side": "buy",
        "layer": 161,
        "price": 62879.38,
        "qty": 3.17971,
        "cumulative": 27.307640000000003
      },
      {
        "side": "buy",
        "layer": 188,
        "price": 62875.75,
        "qty": 0.7,
        "cumulative": 30.66563
      },
      {
        "side": "buy",
        "layer": 207,
        "price": 62873.71,
        "qty": 3.17975,
        "cumulative": 37.85726
      },
      {
        "side": "buy",
        "layer": 242,
        "price": 62868.78,
        "qty": 3.17924,
        "cumulative": 47.395999999999994
      },
      {
        "side": "buy",
        "layer": 306,
        "price": 62858.64,
        "qty": 3.17975,
        "cumulative": 41.037009999999995
      },
      {
        "side": "buy",
        "layer": 353,
        "price": 62851.09,
        "qty": 3.17975,
        "cumulative": 44.216759999999994
      },
      {
        "side": "buy",
        "layer": 457,
        "price": 62832.38,
        "qty": 4.01188,
        "cumulative": 34.67751
      },
      {
        "side": "buy",
        "layer": 569,
        "price": 62808.57,
        "qty": 4.82659,
        "cumulative": 89.74678999999999
      },
      {
        "side": "buy",
        "layer": 601,
        "price": 62800.01,
        "qty": 7.17543,
        "cumulative": 78.60739
      },
      {
        "side": "buy",
        "layer": 602,
        "price": 62800,
        "qty": 24.03596,
        "cumulative": 71.43195999999999
      },
      {
        "side": "buy",
        "layer": 820,
        "price": 62747.07,
        "qty": 6.31281,
        "cumulative": 84.9202
      },
      {
        "side": "buy",
        "layer": 990,
        "price": 62704.51,
        "qty": 4.789,
        "cumulative": 94.53578999999999
      }
    ],
    "sells": [
      {
        "side": "sell",
        "layer": 37,
        "price": 62905.69,
        "qty": 0.56997,
        "cumulative": 0.56997
      },
      {
        "side": "sell",
        "layer": 40,
        "price": 62905.98,
        "qty": 0.4762,
        "cumulative": 1.04617
      },
      {
        "side": "sell",
        "layer": 42,
        "price": 62906.01,
        "qty": 0.34583,
        "cumulative": 1.3920000000000001
      },
      {
        "side": "sell",
        "layer": 43,
        "price": 62906.12,
        "qty": 0.30009,
        "cumulative": 1.69209
      },
      {
        "side": "sell",
        "layer": 47,
        "price": 62906.57,
        "qty": 0.3,
        "cumulative": 1.9920900000000001
      },
      {
        "side": "sell",
        "layer": 62,
        "price": 62908.5,
        "qty": 0.3,
        "cumulative": 3.2167399999999997
      },
      {
        "side": "sell",
        "layer": 74,
        "price": 62910.04,
        "qty": 0.35269,
        "cumulative": 2.91674
      },
      {
        "side": "sell",
        "layer": 80,
        "price": 62910.49,
        "qty": 0.57196,
        "cumulative": 2.56405
      },
      {
        "side": "sell",
        "layer": 82,
        "price": 62910.59,
        "qty": 0.225,
        "cumulative": 3.44174
      },
      {
        "side": "sell",
        "layer": 89,
        "price": 62912,
        "qty": 0.11096,
        "cumulative": 3.5526999999999997
      },
      {
        "side": "sell",
        "layer": 107,
        "price": 62913.92,
        "qty": 1.11689,
        "cumulative": 12.32045
      },
      {
        "side": "sell",
        "layer": 116,
        "price": 62916.01,
        "qty": 3.17866,
        "cumulative": 6.73136
      },
      {
        "side": "sell",
        "layer": 159,
        "price": 62920.84,
        "qty": 1.10701,
        "cumulative": 13.42746
      },
      {
        "side": "sell",
        "layer": 172,
        "price": 62923.1,
        "qty": 1.29354,
        "cumulative": 11.20356
      },
      {
        "side": "sell",
        "layer": 177,
        "price": 62923.47,
        "qty": 3.17866,
        "cumulative": 9.91002
      },
      {
        "side": "sell",
        "layer": 316,
        "price": 62944.29,
        "qty": 3.7512,
        "cumulative": 29.68796
      },
      {
        "side": "sell",
        "layer": 348,
        "price": 62950.6,
        "qty": 3.18081,
        "cumulative": 32.86877
      },
      {
        "side": "sell",
        "layer": 401,
        "price": 62960.76,
        "qty": 3.76235,
        "cumulative": 25.93676
      },
      {
        "side": "sell",
        "layer": 417,
        "price": 62963.87,
        "qty": 3.97817,
        "cumulative": 22.174409999999998
      },
      {
        "side": "sell",
        "layer": 459,
        "price": 62971.07,
        "qty": 4.76878,
        "cumulative": 18.19624
      },
      {
        "side": "sell",
        "layer": 710,
        "price": 63024.58,
        "qty": 4.76473,
        "cumulative": 44.21362
      },
      {
        "side": "sell",
        "layer": 712,
        "price": 63024.72,
        "qty": 4.76472,
        "cumulative": 48.978339999999996
      },
      {
        "side": "sell",
        "layer": 717,
        "price": 63026.2,
        "qty": 4.76461,
        "cumulative": 53.74294999999999
      },
      {
        "side": "sell",
        "layer": 829,
        "price": 63045.25,
        "qty": 4.76317,
        "cumulative": 58.506119999999996
      },
      {
        "side": "sell",
        "layer": 875,
        "price": 63054.18,
        "qty": 6.58012,
        "cumulative": 39.44889
      }
    ]
  },
  "updatedAt": 1783338180649
}