{
  "symbol": "btcusdt",
  "timeframe": "1m",
  "candle": {
    "startTime": 1783322580000,
    "open": 63006,
    "high": 63008,
    "low": 63000,
    "close": 63006.01,
    "volume": 938,
    "direction": "up",
    "volatility": 8,
    "totalVolume": 938
  },
  "trades": {
    "count": 10364,
    "buyVolume": 49.21902999999857,
    "sellVolume": 23.243930000000717,
    "bigTrades": [
      {
        "price": 62971.93,
        "qty": 0.9125,
        "side": "buy",
        "value": 57461.886125,
        "time": 1783322265457
      },
      {
        "price": 62975,
        "qty": 5.9431,
        "side": "sell",
        "value": 374266.72250000003,
        "time": 1783322323640
      },
      {
        "price": 62988,
        "qty": 0.80412,
        "side": "sell",
        "value": 50649.91056,
        "time": 1783322413832
      },
      {
        "price": 62986.01,
        "qty": 0.91429,
        "side": "buy",
        "value": 57587.479082900005,
        "time": 1783322417397
      },
      {
        "price": 62986.01,
        "qty": 0.80276,
        "side": "buy",
        "value": 50562.6493876,
        "time": 1783322417397
      },
      {
        "price": 62986.01,
        "qty": 1.90325,
        "side": "buy",
        "value": 119878.12353250002,
        "time": 1783322417397
      },
      {
        "price": 62986.11,
        "qty": 0.8797,
        "side": "buy",
        "value": 55408.880967000005,
        "time": 1783322448705
      },
      {
        "price": 62986.11,
        "qty": 1.10554,
        "side": "buy",
        "value": 69633.6640494,
        "time": 1783322448707
      },
      {
        "price": 62976.01,
        "qty": 0.85195,
        "side": "buy",
        "value": 53652.4117195,
        "time": 1783322478452
      },
      {
        "price": 62990.01,
        "qty": 1.00001,
        "side": "buy",
        "value": 62990.6399001,
        "time": 1783322483495
      },
      {
        "price": 63000,
        "qty": 0.87275,
        "side": "buy",
        "value": 54983.25,
        "time": 1783322495077
      },
      {
        "price": 63022.15,
        "qty": 1.10502,
        "side": "buy",
        "value": 69640.73619299999,
        "time": 1783322541954
      }
    ]
  },
  "depthImportant": {
    "buys": [
      {
        "side": "buy",
        "layer": 1,
        "price": 63006,
        "qty": 1.29827,
        "cumulative": 4.41306
      },
      {
        "side": "buy",
        "layer": 38,
        "price": 63000.36,
        "qty": 0.12753,
        "cumulative": 5.69543
      },
      {
        "side": "buy",
        "layer": 41,
        "price": 63000.01,
        "qty": 0.92984,
        "cumulative": 5.3429
      },
      {
        "side": "buy",
        "layer": 42,
        "price": 63000,
        "qty": 3.11479,
        "cumulative": 3.11479
      },
      {
        "side": "buy",
        "layer": 45,
        "price": 62999.69,
        "qty": 0.225,
        "cumulative": 5.5679
      },
      {
        "side": "buy",
        "layer": 68,
        "price": 62996.25,
        "qty": 0.24234,
        "cumulative": 7.13673
      },
      {
        "side": "buy",
        "layer": 69,
        "price": 62996.24,
        "qty": 0.28549,
        "cumulative": 6.33755
      },
      {
        "side": "buy",
        "layer": 84,
        "price": 62994.93,
        "qty": 0.35663,
        "cumulative": 6.05206
      },
      {
        "side": "buy",
        "layer": 92,
        "price": 62993.58,
        "qty": 0.27135,
        "cumulative": 6.8943900000000005
      },
      {
        "side": "buy",
        "layer": 93,
        "price": 62993.57,
        "qty": 0.28549,
        "cumulative": 6.6230400000000005
      },
      {
        "side": "buy",
        "layer": 125,
        "price": 62990.02,
        "qty": 1.02757,
        "cumulative": 14.715850000000001
      },
      {
        "side": "buy",
        "layer": 143,
        "price": 62988.12,
        "qty": 1.90341,
        "cumulative": 9.040140000000001
      },
      {
        "side": "buy",
        "layer": 187,
        "price": 62982.09,
        "qty": 1.14443,
        "cumulative": 13.68828
      },
      {
        "side": "buy",
        "layer": 188,
        "price": 62982.08,
        "qty": 1.90325,
        "cumulative": 10.94339
      },
      {
        "side": "buy",
        "layer": 191,
        "price": 62981.99,
        "qty": 1.60046,
        "cumulative": 12.54385
      },
      {
        "side": "buy",
        "layer": 249,
        "price": 62972.73,
        "qty": 3.30431,
        "cumulative": 40.66216
      },
      {
        "side": "buy",
        "layer": 254,
        "price": 62971.99,
        "qty": 7.56153,
        "cumulative": 22.27738
      },
      {
        "side": "buy",
        "layer": 380,
        "price": 62952.04,
        "qty": 6.54522,
        "cumulative": 28.8226
      },
      {
        "side": "buy",
        "layer": 440,
        "price": 62941.41,
        "qty": 3.76351,
        "cumulative": 37.35785
      },
      {
        "side": "buy",
        "layer": 465,
        "price": 62934.67,
        "qty": 4.77174,
        "cumulative": 33.59434
      },
      {
        "side": "buy",
        "layer": 936,
        "price": 57000,
        "qty": 254.12891,
        "cumulative": 1171.85622
      },
      {
        "side": "buy",
        "layer": 972,
        "price": 55000,
        "qty": 593.11565,
        "cumulative": 633.7778099999999
      },
      {
        "side": "buy",
        "layer": 973,
        "price": 54000,
        "qty": 283.9495,
        "cumulative": 917.72731
      },
      {
        "side": "buy",
        "layer": 974,
        "price": 53000,
        "qty": 232.27616,
        "cumulative": 1645.8831499999997
      },
      {
        "side": "buy",
        "layer": 977,
        "price": 52000,
        "qty": 241.75077,
        "cumulative": 1413.6069899999998
      }
    ],
    "sells": [
      {
        "side": "sell",
        "layer": 1,
        "price": 63006.01,
        "qty": 2.52514,
        "cumulative": 2.52514
      },
      {
        "side": "sell",
        "layer": 12,
        "price": 63008,
        "qty": 1.03766,
        "cumulative": 6.57137
      },
      {
        "side": "sell",
        "layer": 32,
        "price": 63011.03,
        "qty": 1.10532,
        "cumulative": 5.53371
      },
      {
        "side": "sell",
        "layer": 45,
        "price": 63013.33,
        "qty": 0.92894,
        "cumulative": 7.50031
      },
      {
        "side": "sell",
        "layer": 46,
        "price": 63013.34,
        "qty": 1.90325,
        "cumulative": 4.42839
      },
      {
        "side": "sell",
        "layer": 68,
        "price": 63015.97,
        "qty": 0.28549,
        "cumulative": 11.747959999999999
      },
      {
        "side": "sell",
        "layer": 69,
        "price": 63015.99,
        "qty": 0.68486,
        "cumulative": 11.10659
      },
      {
        "side": "sell",
        "layer": 78,
        "price": 63016.68,
        "qty": 0.35588,
        "cumulative": 11.46247
      },
      {
        "side": "sell",
        "layer": 94,
        "price": 63018.24,
        "qty": 1.90325,
        "cumulative": 9.40356
      },
      {
        "side": "sell",
        "layer": 98,
        "price": 63018.95,
        "qty": 1.01817,
        "cumulative": 10.42173
      },
      {
        "side": "sell",
        "layer": 132,
        "price": 63022.2,
        "qty": 1.90483,
        "cumulative": 15.5903
      },
      {
        "side": "sell",
        "layer": 156,
        "price": 63026,
        "qty": 1.02221,
        "cumulative": 18.51576
      },
      {
        "side": "sell",
        "layer": 157,
        "price": 63026.01,
        "qty": 1.90325,
        "cumulative": 17.49355
      },
      {
        "side": "sell",
        "layer": 174,
        "price": 63028.73,
        "qty": 0.88514,
        "cumulative": 19.4009
      },
      {
        "side": "sell",
        "layer": 183,
        "price": 63030,
        "qty": 1.93751,
        "cumulative": 13.685469999999999
      },
      {
        "side": "sell",
        "layer": 371,
        "price": 63066.39,
        "qty": 3.33772,
        "cumulative": 39.70229
      },
      {
        "side": "sell",
        "layer": 383,
        "price": 63068.87,
        "qty": 4.7616,
        "cumulative": 24.1625
      },
      {
        "side": "sell",
        "layer": 457,
        "price": 63094.95,
        "qty": 3.68926,
        "cumulative": 36.36457
      },
      {
        "side": "sell",
        "layer": 462,
        "price": 63096.57,
        "qty": 3.75425,
        "cumulative": 32.67531
      },
      {
        "side": "sell",
        "layer": 495,
        "price": 63108.98,
        "qty": 4.75856,
        "cumulative": 28.92106
      },
      {
        "side": "sell",
        "layer": 787,
        "price": 65000,
        "qty": 71.56978,
        "cumulative": 478.7386
      },
      {
        "side": "sell",
        "layer": 798,
        "price": 67000,
        "qty": 89.25454,
        "cumulative": 318.75661
      },
      {
        "side": "sell",
        "layer": 800,
        "price": 68000,
        "qty": 97.32828,
        "cumulative": 137.03057
      },
      {
        "side": "sell",
        "layer": 806,
        "price": 70000,
        "qty": 92.4715,
        "cumulative": 229.50207
      },
      {
        "side": "sell",
        "layer": 813,
        "price": 100000,
        "qty": 88.41221,
        "cumulative": 407.16882000000004
      }
    ]
  },
  "updatedAt": 1783322640754
}