{
  "symbol": "btcusdt",
  "timeframe": "1m",
  "candle": {
    "startTime": 1783337280000,
    "open": 62878.01,
    "high": 62878.01,
    "low": 62877.9,
    "close": 62877.91,
    "volume": 272,
    "direction": "down",
    "volatility": 0.11000000000058208,
    "totalVolume": 272
  },
  "trades": {
    "count": 94115,
    "buyVolume": 222.65488999996248,
    "sellVolume": 212.72082999996007,
    "bigTrades": [
      {
        "price": 62859.14,
        "qty": 1.0194,
        "side": "sell",
        "value": 64078.607316,
        "time": 1783333103521
      },
      {
        "price": 62859.14,
        "qty": 0.98503,
        "side": "sell",
        "value": 61918.138674199996,
        "time": 1783333103792
      },
      {
        "price": 62856,
        "qty": 1.0194,
        "side": "buy",
        "value": 64075.40640000001,
        "time": 1783333143863
      },
      {
        "price": 62837.83,
        "qty": 1.01947,
        "side": "buy",
        "value": 64061.28255010001,
        "time": 1783333252137
      },
      {
        "price": 62876.57,
        "qty": 1.22566,
        "side": "buy",
        "value": 77065.2967862,
        "time": 1783333781160
      },
      {
        "price": 62876.57,
        "qty": 1.18937,
        "side": "buy",
        "value": 74783.5060609,
        "time": 1783333781161
      },
      {
        "price": 62883.53,
        "qty": 1.43429,
        "side": "buy",
        "value": 90193.2182437,
        "time": 1783333781194
      },
      {
        "price": 62883.54,
        "qty": 2.0898,
        "side": "buy",
        "value": 131414.021892,
        "time": 1783333781194
      },
      {
        "price": 62876,
        "qty": 0.96248,
        "side": "sell",
        "value": 60516.89248,
        "time": 1783333894957
      },
      {
        "price": 62882.02,
        "qty": 0.82074,
        "side": "buy",
        "value": 51609.7890948,
        "time": 1783333943400
      },
      {
        "price": 62979.04,
        "qty": 0.95754,
        "side": "sell",
        "value": 60304.949961599996,
        "time": 1783334049589
      },
      {
        "price": 62959.26,
        "qty": 0.80457,
        "side": "sell",
        "value": 50655.1318182,
        "time": 1783334302077
      },
      {
        "price": 62959.26,
        "qty": 1.8,
        "side": "sell",
        "value": 113326.668,
        "time": 1783334302077
      },
      {
        "price": 62959.26,
        "qty": 0.85232,
        "side": "sell",
        "value": 53661.4364832,
        "time": 1783334302078
      },
      {
        "price": 63025,
        "qty": 0.8507,
        "side": "sell",
        "value": 53615.3675,
        "time": 1783334389856
      },
      {
        "price": 63000,
        "qty": 1.01318,
        "side": "sell",
        "value": 63830.34,
        "time": 1783334434959
      },
      {
        "price": 62918.49,
        "qty": 1.0409,
        "side": "buy",
        "value": 65491.856240999994,
        "time": 1783334802646
      },
      {
        "price": 62894,
        "qty": 0.966,
        "side": "sell",
        "value": 60755.604,
        "time": 1783334929433
      },
      {
        "price": 62871.46,
        "qty": 4.21317,
        "side": "sell",
        "value": 264888.14912819996,
        "time": 1783334970246
      },
      {
        "price": 62827.8,
        "qty": 0.9888,
        "side": "buy",
        "value": 62124.12864,
        "time": 1783335003475
      },
      {
        "price": 62827.8,
        "qty": 3.18352,
        "side": "buy",
        "value": 200013.55785600003,
        "time": 1783335003477
      },
      {
        "price": 62833.43,
        "qty": 0.99935,
        "side": "buy",
        "value": 62792.5882705,
        "time": 1783335197280
      },
      {
        "price": 62840.01,
        "qty": 0.8167,
        "side": "buy",
        "value": 51321.436167,
        "time": 1783335224033
      },
      {
        "price": 62820,
        "qty": 3.18369,
        "side": "buy",
        "value": 199999.4058,
        "time": 1783335565420
      },
      {
        "price": 62871.03,
        "qty": 1.36622,
        "side": "sell",
        "value": 85895.6586066,
        "time": 1783335908214
      },
      {
        "price": 62870.71,
        "qty": 0.86668,
        "side": "sell",
        "value": 54488.7869428,
        "time": 1783335926908
      },
      {
        "price": 62870.71,
        "qty": 4.77182,
        "side": "sell",
        "value": 300007.71139219997,
        "time": 1783335928709
      },
      {
        "price": 62864.76,
        "qty": 0.91128,
        "side": "sell",
        "value": 57287.3984928,
        "time": 1783335983408
      },
      {
        "price": 62850.01,
        "qty": 0.84409,
        "side": "buy",
        "value": 53051.0649409,
        "time": 1783335991595
      },
      {
        "price": 62819.85,
        "qty": 0.87148,
        "side": "sell",
        "value": 54746.242878,
        "time": 1783336539602
      },
      {
        "price": 62819.85,
        "qty": 1.1893,
        "side": "sell",
        "value": 74711.647605,
        "time": 1783336539603
      },
      {
        "price": 62807.68,
        "qty": 0.83728,
        "side": "sell",
        "value": 52587.6143104,
        "time": 1783336572523
      },
      {
        "price": 62800,
        "qty": 1.13713,
        "side": "buy",
        "value": 71411.764,
        "time": 1783336689607
      },
      {
        "price": 62819.85,
        "qty": 1.18931,
        "side": "buy",
        "value": 74712.2758035,
        "time": 1783336751623
      },
      {
        "price": 62835.04,
        "qty": 1.20917,
        "side": "buy",
        "value": 75978.2453168,
        "time": 1783336781936
      },
      {
        "price": 62835.05,
        "qty": 3.18369,
        "side": "buy",
        "value": 200047.3203345,
        "time": 1783336781937
      },
      {
        "price": 62838.85,
        "qty": 1.29174,
        "side": "buy",
        "value": 81171.456099,
        "time": 1783336781941
      }
    ]
  },
  "depthImportant": {
    "buys": [
      {
        "side": "buy",
        "layer": 1,
        "price": 62877.9,
        "qty": 5.03172,
        "cumulative": 5.03172
      },
      {
        "side": "buy",
        "layer": 24,
        "price": 62874.36,
        "qty": 1.11674,
        "cumulative": 9.32922
      },
      {
        "side": "buy",
        "layer": 32,
        "price": 62872.87,
        "qty": 0.47687,
        "cumulative": 10.40308
      },
      {
        "side": "buy",
        "layer": 36,
        "price": 62872.28,
        "qty": 0.59699,
        "cumulative": 9.92621
      },
      {
        "side": "buy",
        "layer": 38,
        "price": 62872.26,
        "qty": 3.18076,
        "cumulative": 8.21248
      },
      {
        "side": "buy",
        "layer": 51,
        "price": 62870.74,
        "qty": 0.60959,
        "cumulative": 15.426139999999998
      },
      {
        "side": "buy",
        "layer": 66,
        "price": 62868.96,
        "qty": 0.57317,
        "cumulative": 16.572499999999998
      },
      {
        "side": "buy",
        "layer": 69,
        "price": 62868.65,
        "qty": 1.23242,
        "cumulative": 14.816549999999998
      },
      {
        "side": "buy",
        "layer": 75,
        "price": 62867.64,
        "qty": 3.18105,
        "cumulative": 13.584129999999998
      },
      {
        "side": "buy",
        "layer": 85,
        "price": 62866.45,
        "qty": 0.57319,
        "cumulative": 15.999329999999999
      },
      {
        "side": "buy",
        "layer": 124,
        "price": 62862.9,
        "qty": 0.58848,
        "cumulative": 26.14634
      },
      {
        "side": "buy",
        "layer": 126,
        "price": 62862.58,
        "qty": 1.30915,
        "cumulative": 25.557859999999998
      },
      {
        "side": "buy",
        "layer": 127,
        "price": 62862.57,
        "qty": 3.17848,
        "cumulative": 22.92953
      },
      {
        "side": "buy",
        "layer": 169,
        "price": 62855.02,
        "qty": 1.31918,
        "cumulative": 24.24871
      },
      {
        "side": "buy",
        "layer": 170,
        "price": 62855.01,
        "qty": 3.17855,
        "cumulative": 19.75105
      },
      {
        "side": "buy",
        "layer": 272,
        "price": 62840.01,
        "qty": 3.18127,
        "cumulative": 41.877379999999995
      },
      {
        "side": "buy",
        "layer": 319,
        "price": 62832.06,
        "qty": 3.18121,
        "cumulative": 45.058589999999995
      },
      {
        "side": "buy",
        "layer": 430,
        "price": 62812.06,
        "qty": 3.99644,
        "cumulative": 34.92418
      },
      {
        "side": "buy",
        "layer": 466,
        "price": 62803.56,
        "qty": 4.7814,
        "cumulative": 30.92774
      },
      {
        "side": "buy",
        "layer": 476,
        "price": 62800.82,
        "qty": 3.77193,
        "cumulative": 38.69611
      },
      {
        "side": "buy",
        "layer": 674,
        "price": 62758.15,
        "qty": 4.78491,
        "cumulative": 70.71352999999999
      },
      {
        "side": "buy",
        "layer": 798,
        "price": 62734.66,
        "qty": 6.50641,
        "cumulative": 51.565
      },
      {
        "side": "buy",
        "layer": 799,
        "price": 62734.35,
        "qty": 4.78668,
        "cumulative": 65.92862
      },
      {
        "side": "buy",
        "layer": 826,
        "price": 62729.01,
        "qty": 4.78708,
        "cumulative": 61.14193999999999
      },
      {
        "side": "buy",
        "layer": 979,
        "price": 62692.64,
        "qty": 4.78986,
        "cumulative": 56.354859999999995
      }
    ],
    "sells": [
      {
        "side": "sell",
        "layer": 1,
        "price": 62877.91,
        "qty": 2.56028,
        "cumulative": 2.56028
      },
      {
        "side": "sell",
        "layer": 9,
        "price": 62878.27,
        "qty": 0.09208,
        "cumulative": 3.1740300000000006
      },
      {
        "side": "sell",
        "layer": 39,
        "price": 62883.03,
        "qty": 0.15072,
        "cumulative": 2.9360000000000004
      },
      {
        "side": "sell",
        "layer": 43,
        "price": 62883.82,
        "qty": 0.14595,
        "cumulative": 3.0819500000000004
      },
      {
        "side": "sell",
        "layer": 46,
        "price": 62884.2,
        "qty": 0.225,
        "cumulative": 2.78528
      },
      {
        "side": "sell",
        "layer": 73,
        "price": 62888.22,
        "qty": 0.4762,
        "cumulative": 5.102780000000001
      },
      {
        "side": "sell",
        "layer": 74,
        "price": 62888.25,
        "qty": 0.49905,
        "cumulative": 3.6730800000000006
      },
      {
        "side": "sell",
        "layer": 75,
        "price": 62888.26,
        "qty": 0.47671,
        "cumulative": 4.626580000000001
      },
      {
        "side": "sell",
        "layer": 99,
        "price": 62891.01,
        "qty": 0.2276,
        "cumulative": 5.330380000000001
      },
      {
        "side": "sell",
        "layer": 100,
        "price": 62891.03,
        "qty": 0.47679,
        "cumulative": 4.149870000000001
      },
      {
        "side": "sell",
        "layer": 148,
        "price": 62897.99,
        "qty": 1.82018,
        "cumulative": 13.53517
      },
      {
        "side": "sell",
        "layer": 149,
        "price": 62898,
        "qty": 3.20476,
        "cumulative": 8.53514
      },
      {
        "side": "sell",
        "layer": 170,
        "price": 62900.64,
        "qty": 1.15323,
        "cumulative": 16.34579
      },
      {
        "side": "sell",
        "layer": 175,
        "price": 62901.88,
        "qty": 3.17985,
        "cumulative": 11.71499
      },
      {
        "side": "sell",
        "layer": 192,
        "price": 62903.97,
        "qty": 1.65739,
        "cumulative": 15.19256
      },
      {
        "side": "sell",
        "layer": 294,
        "price": 62921.4,
        "qty": 3.65676,
        "cumulative": 31.929280000000002
      },
      {
        "side": "sell",
        "layer": 348,
        "price": 62929.52,
        "qty": 4.13296,
        "cumulative": 20.47875
      },
      {
        "side": "sell",
        "layer": 419,
        "price": 62941.86,
        "qty": 3.18084,
        "cumulative": 35.11012
      },
      {
        "side": "sell",
        "layer": 433,
        "price": 62945.15,
        "qty": 4.03084,
        "cumulative": 24.509590000000003
      },
      {
        "side": "sell",
        "layer": 460,
        "price": 62951.01,
        "qty": 3.76293,
        "cumulative": 28.272520000000004
      },
      {
        "side": "sell",
        "layer": 599,
        "price": 62979.41,
        "qty": 4.76805,
        "cumulative": 46.256130000000006
      },
      {
        "side": "sell",
        "layer": 685,
        "price": 62999.33,
        "qty": 4.76654,
        "cumulative": 51.022670000000005
      },
      {
        "side": "sell",
        "layer": 709,
        "price": 63005.43,
        "qty": 4.76608,
        "cumulative": 55.78875000000001
      },
      {
        "side": "sell",
        "layer": 712,
        "price": 63005.57,
        "qty": 4.76607,
        "cumulative": 60.55482000000001
      },
      {
        "side": "sell",
        "layer": 882,
        "price": 63038.09,
        "qty": 6.37796,
        "cumulative": 41.488080000000004
      }
    ]
  },
  "updatedAt": 1783337341123
}