{
  "symbol": "btcusdt",
  "timeframe": "1m",
  "candle": {
    "startTime": 1783336380000,
    "open": 62810,
    "high": 62813.99,
    "low": 62806.02,
    "close": 62813.99,
    "volume": 660,
    "direction": "up",
    "volatility": 7.970000000001164,
    "totalVolume": 660
  },
  "trades": {
    "count": 77928,
    "buyVolume": 175.0500799999699,
    "sellVolume": 187.37035999996695,
    "bigTrades": [
      {
        "price": 62859.14,
        "qty": 1.0194,
        "side": "sell",
        "value": 64078.607316,
        "time": 1783333103521
      },
      {
        "price": 62859.14,
        "qty": 0.98503,
        "side": "sell",
        "value": 61918.138674199996,
        "time": 1783333103792
      },
      {
        "price": 62856,
        "qty": 1.0194,
        "side": "buy",
        "value": 64075.40640000001,
        "time": 1783333143863
      },
      {
        "price": 62837.83,
        "qty": 1.01947,
        "side": "buy",
        "value": 64061.28255010001,
        "time": 1783333252137
      },
      {
        "price": 62876.57,
        "qty": 1.22566,
        "side": "buy",
        "value": 77065.2967862,
        "time": 1783333781160
      },
      {
        "price": 62876.57,
        "qty": 1.18937,
        "side": "buy",
        "value": 74783.5060609,
        "time": 1783333781161
      },
      {
        "price": 62883.53,
        "qty": 1.43429,
        "side": "buy",
        "value": 90193.2182437,
        "time": 1783333781194
      },
      {
        "price": 62883.54,
        "qty": 2.0898,
        "side": "buy",
        "value": 131414.021892,
        "time": 1783333781194
      },
      {
        "price": 62876,
        "qty": 0.96248,
        "side": "sell",
        "value": 60516.89248,
        "time": 1783333894957
      },
      {
        "price": 62882.02,
        "qty": 0.82074,
        "side": "buy",
        "value": 51609.7890948,
        "time": 1783333943400
      },
      {
        "price": 62979.04,
        "qty": 0.95754,
        "side": "sell",
        "value": 60304.949961599996,
        "time": 1783334049589
      },
      {
        "price": 62959.26,
        "qty": 0.80457,
        "side": "sell",
        "value": 50655.1318182,
        "time": 1783334302077
      },
      {
        "price": 62959.26,
        "qty": 1.8,
        "side": "sell",
        "value": 113326.668,
        "time": 1783334302077
      },
      {
        "price": 62959.26,
        "qty": 0.85232,
        "side": "sell",
        "value": 53661.4364832,
        "time": 1783334302078
      },
      {
        "price": 63025,
        "qty": 0.8507,
        "side": "sell",
        "value": 53615.3675,
        "time": 1783334389856
      },
      {
        "price": 63000,
        "qty": 1.01318,
        "side": "sell",
        "value": 63830.34,
        "time": 1783334434959
      },
      {
        "price": 62918.49,
        "qty": 1.0409,
        "side": "buy",
        "value": 65491.856240999994,
        "time": 1783334802646
      },
      {
        "price": 62894,
        "qty": 0.966,
        "side": "sell",
        "value": 60755.604,
        "time": 1783334929433
      },
      {
        "price": 62871.46,
        "qty": 4.21317,
        "side": "sell",
        "value": 264888.14912819996,
        "time": 1783334970246
      },
      {
        "price": 62827.8,
        "qty": 0.9888,
        "side": "buy",
        "value": 62124.12864,
        "time": 1783335003475
      },
      {
        "price": 62827.8,
        "qty": 3.18352,
        "side": "buy",
        "value": 200013.55785600003,
        "time": 1783335003477
      },
      {
        "price": 62833.43,
        "qty": 0.99935,
        "side": "buy",
        "value": 62792.5882705,
        "time": 1783335197280
      },
      {
        "price": 62840.01,
        "qty": 0.8167,
        "side": "buy",
        "value": 51321.436167,
        "time": 1783335224033
      },
      {
        "price": 62820,
        "qty": 3.18369,
        "side": "buy",
        "value": 199999.4058,
        "time": 1783335565420
      },
      {
        "price": 62871.03,
        "qty": 1.36622,
        "side": "sell",
        "value": 85895.6586066,
        "time": 1783335908214
      },
      {
        "price": 62870.71,
        "qty": 0.86668,
        "side": "sell",
        "value": 54488.7869428,
        "time": 1783335926908
      },
      {
        "price": 62870.71,
        "qty": 4.77182,
        "side": "sell",
        "value": 300007.71139219997,
        "time": 1783335928709
      },
      {
        "price": 62864.76,
        "qty": 0.91128,
        "side": "sell",
        "value": 57287.3984928,
        "time": 1783335983408
      },
      {
        "price": 62850.01,
        "qty": 0.84409,
        "side": "buy",
        "value": 53051.0649409,
        "time": 1783335991595
      }
    ]
  },
  "depthImportant": {
    "buys": [
      {
        "side": "buy",
        "layer": 1,
        "price": 62813.99,
        "qty": 5.31306,
        "cumulative": 5.31306
      },
      {
        "side": "buy",
        "layer": 7,
        "price": 62812.57,
        "qty": 1.79769,
        "cumulative": 14.00479
      },
      {
        "side": "buy",
        "layer": 8,
        "price": 62812.56,
        "qty": 3.1844,
        "cumulative": 12.2071
      },
      {
        "side": "buy",
        "layer": 29,
        "price": 62809.17,
        "qty": 1.29759,
        "cumulative": 15.30238
      },
      {
        "side": "buy",
        "layer": 45,
        "price": 62807.59,
        "qty": 3.70964,
        "cumulative": 9.0227
      },
      {
        "side": "buy",
        "layer": 53,
        "price": 62806.28,
        "qty": 0.57688,
        "cumulative": 21.27749
      },
      {
        "side": "buy",
        "layer": 74,
        "price": 62802.96,
        "qty": 1.50512,
        "cumulative": 19.99199
      },
      {
        "side": "buy",
        "layer": 85,
        "price": 62800.54,
        "qty": 3.18449,
        "cumulative": 18.48687
      },
      {
        "side": "buy",
        "layer": 91,
        "price": 62799.98,
        "qty": 0.70862,
        "cumulative": 20.70061
      },
      {
        "side": "buy",
        "layer": 92,
        "price": 62799.97,
        "qty": 0.5738,
        "cumulative": 21.85129
      },
      {
        "side": "buy",
        "layer": 125,
        "price": 62795.05,
        "qty": 3.1844,
        "cumulative": 32.357910000000004
      },
      {
        "side": "buy",
        "layer": 134,
        "price": 62793.67,
        "qty": 1.52367,
        "cumulative": 35.459860000000006
      },
      {
        "side": "buy",
        "layer": 154,
        "price": 62790.65,
        "qty": 3.66111,
        "cumulative": 25.5124
      },
      {
        "side": "buy",
        "layer": 177,
        "price": 62787.64,
        "qty": 1.57828,
        "cumulative": 33.93619
      },
      {
        "side": "buy",
        "layer": 194,
        "price": 62785.52,
        "qty": 3.66111,
        "cumulative": 29.17351
      },
      {
        "side": "buy",
        "layer": 239,
        "price": 62779.35,
        "qty": 3.1844,
        "cumulative": 41.82945000000001
      },
      {
        "side": "buy",
        "layer": 266,
        "price": 62775.14,
        "qty": 3.1844,
        "cumulative": 45.013850000000005
      },
      {
        "side": "buy",
        "layer": 291,
        "price": 62771.45,
        "qty": 1.6139,
        "cumulative": 46.627750000000006
      },
      {
        "side": "buy",
        "layer": 301,
        "price": 62770.37,
        "qty": 3.18519,
        "cumulative": 38.645050000000005
      },
      {
        "side": "buy",
        "layer": 414,
        "price": 62752.82,
        "qty": 1.60631,
        "cumulative": 48.23406000000001
      },
      {
        "side": "buy",
        "layer": 663,
        "price": 62712.35,
        "qty": 4.78841,
        "cumulative": 73.79116
      },
      {
        "side": "buy",
        "layer": 821,
        "price": 62680.85,
        "qty": 4.79091,
        "cumulative": 69.00275
      },
      {
        "side": "buy",
        "layer": 883,
        "price": 62666.56,
        "qty": 4.7919,
        "cumulative": 64.21184000000001
      },
      {
        "side": "buy",
        "layer": 909,
        "price": 62660.15,
        "qty": 4.79239,
        "cumulative": 59.419940000000004
      },
      {
        "side": "buy",
        "layer": 935,
        "price": 62655.6,
        "qty": 6.39349,
        "cumulative": 54.62755000000001
      }
    ],
    "sells": [
      {
        "side": "sell",
        "layer": 1,
        "price": 62814,
        "qty": 0.19425,
        "cumulative": 2.1068599999999997
      },
      {
        "side": "sell",
        "layer": 26,
        "price": 62818.73,
        "qty": 0.5,
        "cumulative": 0.5
      },
      {
        "side": "sell",
        "layer": 30,
        "price": 62818.94,
        "qty": 0.45919,
        "cumulative": 1.91261
      },
      {
        "side": "sell",
        "layer": 31,
        "price": 62818.95,
        "qty": 0.47671,
        "cumulative": 0.97671
      },
      {
        "side": "sell",
        "layer": 50,
        "price": 62821.82,
        "qty": 0.47671,
        "cumulative": 1.45342
      },
      {
        "side": "sell",
        "layer": 51,
        "price": 62821.99,
        "qty": 0.29032,
        "cumulative": 4.12716
      },
      {
        "side": "sell",
        "layer": 61,
        "price": 62823.52,
        "qty": 0.36829,
        "cumulative": 3.83684
      },
      {
        "side": "sell",
        "layer": 74,
        "price": 62824.79,
        "qty": 0.47671,
        "cumulative": 2.58357
      },
      {
        "side": "sell",
        "layer": 77,
        "price": 62825.14,
        "qty": 0.4762,
        "cumulative": 3.05977
      },
      {
        "side": "sell",
        "layer": 78,
        "price": 62825.15,
        "qty": 0.40878,
        "cumulative": 3.46855
      },
      {
        "side": "sell",
        "layer": 109,
        "price": 62828.68,
        "qty": 1.06723,
        "cumulative": 16.25965
      },
      {
        "side": "sell",
        "layer": 114,
        "price": 62829.31,
        "qty": 3.1844,
        "cumulative": 7.31156
      },
      {
        "side": "sell",
        "layer": 151,
        "price": 62834.73,
        "qty": 1.51343,
        "cumulative": 15.19242
      },
      {
        "side": "sell",
        "layer": 165,
        "price": 62836.51,
        "qty": 3.1844,
        "cumulative": 10.49596
      },
      {
        "side": "sell",
        "layer": 200,
        "price": 62842.06,
        "qty": 3.18303,
        "cumulative": 13.67899
      },
      {
        "side": "sell",
        "layer": 323,
        "price": 62864.23,
        "qty": 4.01934,
        "cumulative": 29.831179999999996
      },
      {
        "side": "sell",
        "layer": 380,
        "price": 62873.36,
        "qty": 4.77614,
        "cumulative": 21.03579
      },
      {
        "side": "sell",
        "layer": 385,
        "price": 62874.57,
        "qty": 3.1854,
        "cumulative": 36.782939999999996
      },
      {
        "side": "sell",
        "layer": 386,
        "price": 62874.59,
        "qty": 4.77605,
        "cumulative": 25.811839999999997
      },
      {
        "side": "sell",
        "layer": 468,
        "price": 62893.65,
        "qty": 3.76636,
        "cumulative": 33.597539999999995
      },
      {
        "side": "sell",
        "layer": 569,
        "price": 62923.83,
        "qty": 4.77231,
        "cumulative": 47.755919999999996
      },
      {
        "side": "sell",
        "layer": 596,
        "price": 62931.32,
        "qty": 4.77174,
        "cumulative": 52.52766
      },
      {
        "side": "sell",
        "layer": 623,
        "price": 62938.5,
        "qty": 4.7712,
        "cumulative": 57.29886
      },
      {
        "side": "sell",
        "layer": 674,
        "price": 62957.04,
        "qty": 4.76979,
        "cumulative": 62.06865
      },
      {
        "side": "sell",
        "layer": 688,
        "price": 62959.41,
        "qty": 6.20067,
        "cumulative": 42.98361
      }
    ]
  },
  "updatedAt": 1783336440556
}