{
  "symbol": "btcusdt",
  "timeframe": "1m",
  "candle": {
    "startTime": 1783339380000,
    "open": 62100,
    "high": 62144,
    "low": 61928,
    "close": 61981.59,
    "volume": 21321,
    "direction": "down",
    "volatility": 216,
    "totalVolume": 21321
  },
  "trades": {
    "count": 95340,
    "buyVolume": 298.31344999999806,
    "sellVolume": 526.4785099999955,
    "bigTrades": [
      {
        "price": 62625.23,
        "qty": 1,
        "side": "sell",
        "value": 62625.23,
        "time": 1783339167026
      },
      {
        "price": 62620,
        "qty": 1.24966,
        "side": "sell",
        "value": 78253.7092,
        "time": 1783339167031
      },
      {
        "price": 62619.99,
        "qty": 3.19386,
        "side": "sell",
        "value": 199999.48126139998,
        "time": 1783339167031
      },
      {
        "price": 62613.03,
        "qty": 0.91264,
        "side": "buy",
        "value": 57143.1556992,
        "time": 1783339170937
      },
      {
        "price": 62622.48,
        "qty": 0.97939,
        "side": "buy",
        "value": 61331.8306872,
        "time": 1783339171185
      },
      {
        "price": 62645.12,
        "qty": 3.19284,
        "side": "sell",
        "value": 200015.84494080002,
        "time": 1783339171642
      },
      {
        "price": 62645.11,
        "qty": 3.19284,
        "side": "sell",
        "value": 200015.8130124,
        "time": 1783339171649
      },
      {
        "price": 62645.11,
        "qty": 1.10606,
        "side": "sell",
        "value": 69289.2503666,
        "time": 1783339171649
      },
      {
        "price": 62643.83,
        "qty": 0.94539,
        "side": "sell",
        "value": 59222.8504437,
        "time": 1783339171651
      },
      {
        "price": 62596.8,
        "qty": 1.54804,
        "side": "sell",
        "value": 96902.35027200001,
        "time": 1783339180632
      },
      {
        "price": 62596.79,
        "qty": 3.19397,
        "side": "sell",
        "value": 199932.2693563,
        "time": 1783339180632
      },
      {
        "price": 62591.28,
        "qty": 1.50598,
        "side": "sell",
        "value": 94261.2158544,
        "time": 1783339180635
      },
      {
        "price": 62591.27,
        "qty": 3.19397,
        "side": "sell",
        "value": 199914.6386419,
        "time": 1783339180635
      },
      {
        "price": 62591.24,
        "qty": 0.79935,
        "side": "sell",
        "value": 50032.307693999996,
        "time": 1783339180635
      },
      {
        "price": 62585.85,
        "qty": 1.66785,
        "side": "sell",
        "value": 104383.8099225,
        "time": 1783339180639
      },
      {
        "price": 62585.84,
        "qty": 3.19397,
        "side": "sell",
        "value": 199897.2953848,
        "time": 1783339180639
      },
      {
        "price": 62585.82,
        "qty": 1.1119,
        "side": "sell",
        "value": 69589.17325800001,
        "time": 1783339180639
      },
      {
        "price": 62576.12,
        "qty": 3.19397,
        "side": "sell",
        "value": 199866.24999640003,
        "time": 1783339180648
      },
      {
        "price": 62567.67,
        "qty": 1.86176,
        "side": "sell",
        "value": 116485.98529920001,
        "time": 1783339180840
      },
      {
        "price": 62567.66,
        "qty": 3.19397,
        "side": "sell",
        "value": 199839.2290102,
        "time": 1783339180840
      },
      {
        "price": 62567.4,
        "qty": 1.5838,
        "side": "sell",
        "value": 99094.24812,
        "time": 1783339180841
      },
      {
        "price": 62562.02,
        "qty": 2.5316,
        "side": "sell",
        "value": 158382.009832,
        "time": 1783339180847
      },
      {
        "price": 62562.01,
        "qty": 3.19397,
        "side": "sell",
        "value": 199821.18307970001,
        "time": 1783339180848
      },
      {
        "price": 62561.44,
        "qty": 1.61122,
        "side": "sell",
        "value": 100800.24335680001,
        "time": 1783339180848
      },
      {
        "price": 62560.27,
        "qty": 1.58398,
        "side": "sell",
        "value": 99094.21647459999,
        "time": 1783339180849
      },
      {
        "price": 62555.57,
        "qty": 1.21156,
        "side": "sell",
        "value": 75789.8263892,
        "time": 1783339180853
      },
      {
        "price": 62554.94,
        "qty": 1.58412,
        "side": "sell",
        "value": 99094.5315528,
        "time": 1783339180855
      },
      {
        "price": 62550.51,
        "qty": 3.19397,
        "side": "sell",
        "value": 199784.45242470002,
        "time": 1783339180860
      },
      {
        "price": 62547.69,
        "qty": 1.5843,
        "side": "sell",
        "value": 99094.305267,
        "time": 1783339180865
      },
      {
        "price": 62545,
        "qty": 10.32253,
        "side": "buy",
        "value": 645622.63885,
        "time": 1783339180868
      },
      {
        "price": 62545,
        "qty": 3.82692,
        "side": "buy",
        "value": 239354.7114,
        "time": 1783339180872
      },
      {
        "price": 62545,
        "qty": 3.13733,
        "side": "buy",
        "value": 196224.30485,
        "time": 1783339180872
      },
      {
        "price": 62545,
        "qty": 1.60037,
        "side": "buy",
        "value": 100095.14165,
        "time": 1783339180872
      },
      {
        "price": 62545,
        "qty": 7.05864,
        "side": "buy",
        "value": 441482.63879999996,
        "time": 1783339180872
      },
      {
        "price": 62599.83,
        "qty": 1.28,
        "side": "sell",
        "value": 80127.78240000001,
        "time": 1783339185272
      },
      {
        "price": 62599.83,
        "qty": 5.12,
        "side": "sell",
        "value": 320511.12960000004,
        "time": 1783339185272
      },
      {
        "price": 62520,
        "qty": 0.87933,
        "side": "sell",
        "value": 54975.711599999995,
        "time": 1783339190853
      },
      {
        "price": 62500.01,
        "qty": 2.82282,
        "side": "sell",
        "value": 176426.2782282,
        "time": 1783339198322
      },
      {
        "price": 62500.01,
        "qty": 0.99666,
        "side": "sell",
        "value": 62291.2599666,
        "time": 1783339198323
      },
      {
        "price": 62500.01,
        "qty": 0.94893,
        "side": "sell",
        "value": 59308.134489300006,
        "time": 1783339198323
      },
      {
        "price": 62500,
        "qty": 0.92892,
        "side": "sell",
        "value": 58057.5,
        "time": 1783339198559
      },
      {
        "price": 62500,
        "qty": 1.41546,
        "side": "sell",
        "value": 88466.25,
        "time": 1783339198559
      },
      {
        "price": 62500,
        "qty": 1.21637,
        "side": "sell",
        "value": 76023.125,
        "time": 1783339198565
      },
      {
        "price": 62500,
        "qty": 0.82232,
        "side": "sell",
        "value": 51395,
        "time": 1783339198569
      },
      {
        "price": 62443.38,
        "qty": 1.40548,
        "side": "sell",
        "value": 87762.9217224,
        "time": 1783339208248
      },
      {
        "price": 62414.02,
        "qty": 1.48808,
        "side": "buy",
        "value": 92877.0548816,
        "time": 1783339208852
      },
      {
        "price": 62417.96,
        "qty": 1.21145,
        "side": "buy",
        "value": 75616.237642,
        "time": 1783339208897
      },
      {
        "price": 62417.96,
        "qty": 3.20435,
        "side": "buy",
        "value": 200008.990126,
        "time": 1783339208897
      },
      {
        "price": 62417.97,
        "qty": 1.40145,
        "side": "buy",
        "value": 87475.66405650001,
        "time": 1783339208897
      },
      {
        "price": 62415.28,
        "qty": 1.53707,
        "side": "buy",
        "value": 95936.65442959999,
        "time": 1783339208912
      },
      {
        "price": 62417.97,
        "qty": 3.20435,
        "side": "buy",
        "value": 200009.02216949998,
        "time": 1783339208913
      },
      {
        "price": 62400,
        "qty": 1.01496,
        "side": "sell",
        "value": 63333.50400000001,
        "time": 1783339212201
      },
      {
        "price": 62390,
        "qty": 1.05578,
        "side": "buy",
        "value": 65870.1142,
        "time": 1783339212750
      },
      {
        "price": 62394.6,
        "qty": 3.2054,
        "side": "buy",
        "value": 199999.65084,
        "time": 1783339213945
      },
      {
        "price": 62409.99,
        "qty": 0.88258,
        "side": "buy",
        "value": 55081.8089742,
        "time": 1783339219360
      },
      {
        "price": 62300,
        "qty": 1.11511,
        "side": "sell",
        "value": 69471.353,
        "time": 1783339226001
      },
      {
        "price": 62286.14,
        "qty": 1.5398,
        "side": "sell",
        "value": 95908.198372,
        "time": 1783339226121
      },
      {
        "price": 62299,
        "qty": 1.81578,
        "side": "buy",
        "value": 113121.27822,
        "time": 1783339229389
      },
      {
        "price": 62300.14,
        "qty": 1.18611,
        "side": "sell",
        "value": 73894.8190554,
        "time": 1783339229857
      },
      {
        "price": 62298.33,
        "qty": 1.61664,
        "side": "sell",
        "value": 100713.9722112,
        "time": 1783339229858
      },
      {
        "price": 62298.32,
        "qty": 2.03002,
        "side": "sell",
        "value": 126466.8355664,
        "time": 1783339229858
      },
      {
        "price": 62297,
        "qty": 1.07241,
        "side": "sell",
        "value": 66807.92577,
        "time": 1783339229858
      },
      {
        "price": 62200,
        "qty": 0.93771,
        "side": "sell",
        "value": 58325.562000000005,
        "time": 1783339233657
      },
      {
        "price": 62200,
        "qty": 0.999,
        "side": "sell",
        "value": 62137.8,
        "time": 1783339233658
      },
      {
        "price": 62308.13,
        "qty": 1.31873,
        "side": "sell",
        "value": 82167.60027489999,
        "time": 1783339257201
      },
      {
        "price": 62302.98,
        "qty": 0.98268,
        "side": "sell",
        "value": 61223.8923864,
        "time": 1783339257203
      },
      {
        "price": 62212.87,
        "qty": 0.8665,
        "side": "sell",
        "value": 53907.45185500001,
        "time": 1783339318357
      },
      {
        "price": 62210.08,
        "qty": 0.8665,
        "side": "sell",
        "value": 53905.034320000006,
        "time": 1783339318359
      },
      {
        "price": 62206.65,
        "qty": 1.27009,
        "side": "sell",
        "value": 79008.0440985,
        "time": 1783339318362
      },
      {
        "price": 62206.64,
        "qty": 3.2146,
        "side": "sell",
        "value": 199969.46494399998,
        "time": 1783339318362
      },
      {
        "price": 62206.62,
        "qty": 0.8665,
        "side": "sell",
        "value": 53902.036230000005,
        "time": 1783339318362
      },
      {
        "price": 62202.76,
        "qty": 0.8665,
        "side": "sell",
        "value": 53898.69154000001,
        "time": 1783339318363
      },
      {
        "price": 62200.12,
        "qty": 2.46707,
        "side": "sell",
        "value": 153452.0500484,
        "time": 1783339318365
      },
      {
        "price": 62223.08,
        "qty": 1.27396,
        "side": "buy",
        "value": 79269.7149968,
        "time": 1783339321973
      },
      {
        "price": 62223.08,
        "qty": 6.58978,
        "side": "buy",
        "value": 410036.4081224,
        "time": 1783339321975
      },
      {
        "price": 62200,
        "qty": 10.7551,
        "side": "sell",
        "value": 668967.2200000001,
        "time": 1783339325801
      },
      {
        "price": 62200,
        "qty": 0.89401,
        "side": "sell",
        "value": 55607.422,
        "time": 1783339325807
      },
      {
        "price": 62200,
        "qty": 1.70273,
        "side": "sell",
        "value": 105909.80600000001,
        "time": 1783339325810
      },
      {
        "price": 62200,
        "qty": 0.89268,
        "side": "sell",
        "value": 55524.696,
        "time": 1783339325843
      },
      {
        "price": 62100,
        "qty": 1.09009,
        "side": "sell",
        "value": 67694.589,
        "time": 1783339330028
      },
      {
        "price": 62100,
        "qty": 1.48898,
        "side": "sell",
        "value": 92465.658,
        "time": 1783339330029
      },
      {
        "price": 62103.99,
        "qty": 1.01942,
        "side": "sell",
        "value": 63310.049485799995,
        "time": 1783339334318
      },
      {
        "price": 62110.95,
        "qty": 0.8861,
        "side": "buy",
        "value": 55036.512794999995,
        "time": 1783339334679
      },
      {
        "price": 62096.03,
        "qty": 0.8693,
        "side": "sell",
        "value": 53980.07887899999,
        "time": 1783339342315
      },
      {
        "price": 62096,
        "qty": 0.85691,
        "side": "sell",
        "value": 53210.683359999995,
        "time": 1783339342316
      },
      {
        "price": 62093.51,
        "qty": 0.8693,
        "side": "sell",
        "value": 53977.888243,
        "time": 1783339342319
      },
      {
        "price": 62091.01,
        "qty": 0.8693,
        "side": "sell",
        "value": 53975.714993,
        "time": 1783339342321
      },
      {
        "price": 62088.46,
        "qty": 0.8693,
        "side": "sell",
        "value": 53973.498278,
        "time": 1783339342458
      },
      {
        "price": 62085.83,
        "qty": 0.8693,
        "side": "sell",
        "value": 53971.212019,
        "time": 1783339342461
      },
      {
        "price": 62123.75,
        "qty": 1.75628,
        "side": "buy",
        "value": 109106.69965000001,
        "time": 1783339353597
      },
      {
        "price": 62121.26,
        "qty": 0.82867,
        "side": "buy",
        "value": 51478.0245242,
        "time": 1783339371542
      },
      {
        "price": 62079,
        "qty": 3.18863,
        "side": "sell",
        "value": 197946.96177,
        "time": 1783339382715
      },
      {
        "price": 62079,
        "qty": 3.52805,
        "side": "sell",
        "value": 219017.81595,
        "time": 1783339382848
      },
      {
        "price": 62074.7,
        "qty": 0.9937,
        "side": "sell",
        "value": 61683.62939,
        "time": 1783339383062
      },
      {
        "price": 62100,
        "qty": 1.65216,
        "side": "buy",
        "value": 102599.136,
        "time": 1783339387760
      },
      {
        "price": 62100,
        "qty": 1,
        "side": "buy",
        "value": 62100,
        "time": 1783339387760
      },
      {
        "price": 62100,
        "qty": 4,
        "side": "buy",
        "value": 248400,
        "time": 1783339387761
      },
      {
        "price": 62100,
        "qty": 2.4246,
        "side": "buy",
        "value": 150567.66,
        "time": 1783339387798
      },
      {
        "price": 62100,
        "qty": 1,
        "side": "buy",
        "value": 62100,
        "time": 1783339387798
      },
      {
        "price": 62100,
        "qty": 1,
        "side": "buy",
        "value": 62100,
        "time": 1783339387802
      },
      {
        "price": 62100,
        "qty": 1,
        "side": "buy",
        "value": 62100,
        "time": 1783339387802
      },
      {
        "price": 62100,
        "qty": 1,
        "side": "buy",
        "value": 62100,
        "time": 1783339387802
      },
      {
        "price": 62100,
        "qty": 1,
        "side": "buy",
        "value": 62100,
        "time": 1783339387803
      },
      {
        "price": 62100,
        "qty": 1,
        "side": "buy",
        "value": 62100,
        "time": 1783339387806
      },
      {
        "price": 62100,
        "qty": 0.95156,
        "side": "buy",
        "value": 59091.876,
        "time": 1783339387807
      },
      {
        "price": 62100,
        "qty": 1,
        "side": "buy",
        "value": 62100,
        "time": 1783339387810
      },
      {
        "price": 62100,
        "qty": 1.00834,
        "side": "buy",
        "value": 62617.914000000004,
        "time": 1783339387810
      },
      {
        "price": 62100,
        "qty": 1.30233,
        "side": "buy",
        "value": 80874.693,
        "time": 1783339387830
      },
      {
        "price": 62100,
        "qty": 1.36059,
        "side": "buy",
        "value": 84492.639,
        "time": 1783339387833
      },
      {
        "price": 62100,
        "qty": 1.01053,
        "side": "buy",
        "value": 62753.91299999999,
        "time": 1783339387846
      },
      {
        "price": 62100,
        "qty": 0.91471,
        "side": "buy",
        "value": 56803.491,
        "time": 1783339387853
      },
      {
        "price": 62100,
        "qty": 9.11415,
        "side": "buy",
        "value": 565988.7150000001,
        "time": 1783339387862
      },
      {
        "price": 62056,
        "qty": 0.82776,
        "side": "sell",
        "value": 51367.47456,
        "time": 1783339404628
      },
      {
        "price": 62000,
        "qty": 0.92157,
        "side": "sell",
        "value": 57137.34,
        "time": 1783339406254
      },
      {
        "price": 62000,
        "qty": 1.24284,
        "side": "sell",
        "value": 77056.08,
        "time": 1783339406257
      },
      {
        "price": 62000,
        "qty": 0.86,
        "side": "sell",
        "value": 53320,
        "time": 1783339406266
      },
      {
        "price": 62000,
        "qty": 1,
        "side": "sell",
        "value": 62000,
        "time": 1783339406267
      },
      {
        "price": 62000,
        "qty": 2,
        "side": "sell",
        "value": 124000,
        "time": 1783339406269
      },
      {
        "price": 62000,
        "qty": 1.01032,
        "side": "sell",
        "value": 62639.840000000004,
        "time": 1783339406271
      },
      {
        "price": 62000,
        "qty": 5,
        "side": "sell",
        "value": 310000,
        "time": 1783339406275
      },
      {
        "price": 61964.45,
        "qty": 1.46846,
        "side": "buy",
        "value": 90992.316247,
        "time": 1783339411067
      },
      {
        "price": 62004.24,
        "qty": 0.87049,
        "side": "sell",
        "value": 53974.070877599996,
        "time": 1783339439087
      },
      {
        "price": 62001.52,
        "qty": 1.59827,
        "side": "sell",
        "value": 99095.1693704,
        "time": 1783339439089
      },
      {
        "price": 62001.25,
        "qty": 0.87049,
        "side": "sell",
        "value": 53971.4681125,
        "time": 1783339439089
      },
      {
        "price": 61998.72,
        "qty": 1.24939,
        "side": "sell",
        "value": 77460.5807808,
        "time": 1783339439090
      },
      {
        "price": 61998.71,
        "qty": 0.87049,
        "side": "sell",
        "value": 53969.2570679,
        "time": 1783339439090
      },
      {
        "price": 61998.07,
        "qty": 3.22381,
        "side": "sell",
        "value": 199869.9980467,
        "time": 1783339439091
      },
      {
        "price": 61994.6,
        "qty": 0.95158,
        "side": "sell",
        "value": 58992.821467999995,
        "time": 1783339439092
      },
      {
        "price": 61994.59,
        "qty": 0.87049,
        "side": "sell",
        "value": 53965.67064909999,
        "time": 1783339439092
      },
      {
        "price": 61994.17,
        "qty": 1.59846,
        "side": "sell",
        "value": 99095.2009782,
        "time": 1783339439092
      },
      {
        "price": 61992.51,
        "qty": 0.95182,
        "side": "sell",
        "value": 59005.7108682,
        "time": 1783339439093
      },
      {
        "price": 61990.21,
        "qty": 3.22381,
        "side": "sell",
        "value": 199844.65890009998,
        "time": 1783339439094
      },
      {
        "price": 61990.04,
        "qty": 0.87191,
        "side": "sell",
        "value": 54049.7357764,
        "time": 1783339439094
      },
      {
        "price": 61987.91,
        "qty": 0.83675,
        "side": "sell",
        "value": 51868.3836925,
        "time": 1783339439095
      },
      {
        "price": 61987.9,
        "qty": 1.59862,
        "side": "sell",
        "value": 99095.096698,
        "time": 1783339439095
      }
    ]
  },
  "depthImportant": {
    "buys": [
      {
        "side": "buy",
        "layer": 14,
        "price": 61992.51,
        "qty": 0.08821,
        "cumulative": 1.2719099999999999
      },
      {
        "side": "buy",
        "layer": 15,
        "price": 61991.9,
        "qty": 0.08821,
        "cumulative": 1.3601199999999998
      },
      {
        "side": "buy",
        "layer": 17,
        "price": 61990.79,
        "qty": 0.08821,
        "cumulative": 1.4483299999999997
      },
      {
        "side": "buy",
        "layer": 30,
        "price": 61987.56,
        "qty": 0.225,
        "cumulative": 1.1837
      },
      {
        "side": "buy",
        "layer": 50,
        "price": 61983.38,
        "qty": 0.9587,
        "cumulative": 0.9587
      },
      {
        "side": "buy",
        "layer": 59,
        "price": 61981.59,
        "qty": 1.59878,
        "cumulative": 6.272130000000001
      },
      {
        "side": "buy",
        "layer": 65,
        "price": 61980.11,
        "qty": 0.87049,
        "cumulative": 8.45172
      },
      {
        "side": "buy",
        "layer": 76,
        "price": 61977.09,
        "qty": 0.87049,
        "cumulative": 9.32221
      },
      {
        "side": "buy",
        "layer": 86,
        "price": 61976.03,
        "qty": 1.3091,
        "cumulative": 7.581230000000001
      },
      {
        "side": "buy",
        "layer": 87,
        "price": 61976.02,
        "qty": 3.22502,
        "cumulative": 4.67335
      },
      {
        "side": "buy",
        "layer": 120,
        "price": 61969.8,
        "qty": 1.53633,
        "cumulative": 23.87389
      },
      {
        "side": "buy",
        "layer": 123,
        "price": 61968.71,
        "qty": 4.09551,
        "cumulative": 13.41772
      },
      {
        "side": "buy",
        "layer": 149,
        "price": 61961.52,
        "qty": 4.09551,
        "cumulative": 17.51323
      },
      {
        "side": "buy",
        "layer": 153,
        "price": 61961.24,
        "qty": 1.59931,
        "cumulative": 22.33756
      },
      {
        "side": "buy",
        "layer": 187,
        "price": 61953.67,
        "qty": 3.22502,
        "cumulative": 20.73825
      },
      {
        "side": "buy",
        "layer": 217,
        "price": 61945.81,
        "qty": 3.22502,
        "cumulative": 33.98356
      },
      {
        "side": "buy",
        "layer": 249,
        "price": 61936.77,
        "qty": 3.22502,
        "cumulative": 37.20858
      },
      {
        "side": "buy",
        "layer": 287,
        "price": 61927.73,
        "qty": 3.22573,
        "cumulative": 30.758539999999996
      },
      {
        "side": "buy",
        "layer": 424,
        "price": 61907.67,
        "qty": 1.60069,
        "cumulative": 38.80927
      },
      {
        "side": "buy",
        "layer": 487,
        "price": 61894.85,
        "qty": 3.65892,
        "cumulative": 27.532809999999998
      },
      {
        "side": "buy",
        "layer": 519,
        "price": 61888,
        "qty": 10.2229,
        "cumulative": 88.22233999999999
      },
      {
        "side": "buy",
        "layer": 568,
        "price": 61877.18,
        "qty": 6.53363,
        "cumulative": 94.75596999999999
      },
      {
        "side": "buy",
        "layer": 805,
        "price": 61802.5,
        "qty": 4.85885,
        "cumulative": 104.48382
      },
      {
        "side": "buy",
        "layer": 814,
        "price": 61800,
        "qty": 39.19017,
        "cumulative": 77.99943999999999
      },
      {
        "side": "buy",
        "layer": 883,
        "price": 61758.88,
        "qty": 4.869,
        "cumulative": 99.62496999999999
      }
    ],
    "sells": [
      {
        "side": "sell",
        "layer": 1,
        "price": 62001.43,
        "qty": 4.98151,
        "cumulative": 4.98151
      },
      {
        "side": "sell",
        "layer": 8,
        "price": 62005.65,
        "qty": 4.0956,
        "cumulative": 9.077110000000001
      },
      {
        "side": "sell",
        "layer": 23,
        "price": 62011.63,
        "qty": 2.14514,
        "cumulative": 18.542780000000004
      },
      {
        "side": "sell",
        "layer": 24,
        "price": 62011.98,
        "qty": 3.22502,
        "cumulative": 16.397640000000003
      },
      {
        "side": "sell",
        "layer": 37,
        "price": 62016.62,
        "qty": 4.09551,
        "cumulative": 13.172620000000002
      },
      {
        "side": "sell",
        "layer": 55,
        "price": 62023.38,
        "qty": 1.27588,
        "cumulative": 26.268700000000006
      },
      {
        "side": "sell",
        "layer": 56,
        "price": 62023.39,
        "qty": 3.22502,
        "cumulative": 21.767800000000005
      },
      {
        "side": "sell",
        "layer": 58,
        "price": 62023.46,
        "qty": 0.87049,
        "cumulative": 28.404030000000006
      },
      {
        "side": "sell",
        "layer": 78,
        "price": 62029.37,
        "qty": 1.26484,
        "cumulative": 27.533540000000006
      },
      {
        "side": "sell",
        "layer": 79,
        "price": 62029.38,
        "qty": 3.22502,
        "cumulative": 24.992820000000005
      },
      {
        "side": "sell",
        "layer": 103,
        "price": 62034.31,
        "qty": 3.22502,
        "cumulative": 31.629050000000007
      },
      {
        "side": "sell",
        "layer": 126,
        "price": 62040.18,
        "qty": 3.22401,
        "cumulative": 41.30172000000001
      },
      {
        "side": "sell",
        "layer": 145,
        "price": 62046.19,
        "qty": 1.84241,
        "cumulative": 43.14413000000001
      },
      {
        "side": "sell",
        "layer": 147,
        "price": 62046.21,
        "qty": 3.22433,
        "cumulative": 34.85338000000001
      },
      {
        "side": "sell",
        "layer": 177,
        "price": 62052.17,
        "qty": 3.22433,
        "cumulative": 38.07771000000001
      },
      {
        "side": "sell",
        "layer": 239,
        "price": 62065.8,
        "qty": 4.83824,
        "cumulative": 47.98237000000001
      },
      {
        "side": "sell",
        "layer": 301,
        "price": 62079.51,
        "qty": 4.83717,
        "cumulative": 52.81954000000001
      },
      {
        "side": "sell",
        "layer": 334,
        "price": 62086.33,
        "qty": 4.83664,
        "cumulative": 57.65618000000001
      },
      {
        "side": "sell",
        "layer": 398,
        "price": 62098.83,
        "qty": 4.83567,
        "cumulative": 62.491850000000014
      },
      {
        "side": "sell",
        "layer": 458,
        "price": 62112.75,
        "qty": 3.61416,
        "cumulative": 66.10601000000001
      },
      {
        "side": "sell",
        "layer": 559,
        "price": 62136.51,
        "qty": 4.83273,
        "cumulative": 77.73902000000001
      },
      {
        "side": "sell",
        "layer": 639,
        "price": 62156.7,
        "qty": 4.83116,
        "cumulative": 82.57018000000001
      },
      {
        "side": "sell",
        "layer": 666,
        "price": 62164.43,
        "qty": 4.83056,
        "cumulative": 87.40074000000001
      },
      {
        "side": "sell",
        "layer": 818,
        "price": 62204.66,
        "qty": 4.82744,
        "cumulative": 92.22818000000001
      },
      {
        "side": "sell",
        "layer": 823,
        "price": 62205.67,
        "qty": 6.80028,
        "cumulative": 72.90629000000001
      }
    ]
  },
  "updatedAt": 1783339440110
}