{
  "symbol": "btcusdt",
  "timeframe": "1m",
  "candle": {
    "startTime": 1783323060000,
    "open": 62920.7,
    "high": 62924,
    "low": 62920.7,
    "close": 62923.99,
    "volume": 525,
    "direction": "up",
    "volatility": 3.3000000000029104,
    "totalVolume": 525
  },
  "trades": {
    "count": 18600,
    "buyVolume": 79.93470999999566,
    "sellVolume": 76.9092899999993,
    "bigTrades": [
      {
        "price": 62971.93,
        "qty": 0.9125,
        "side": "buy",
        "value": 57461.886125,
        "time": 1783322265457
      },
      {
        "price": 62975,
        "qty": 5.9431,
        "side": "sell",
        "value": 374266.72250000003,
        "time": 1783322323640
      },
      {
        "price": 62988,
        "qty": 0.80412,
        "side": "sell",
        "value": 50649.91056,
        "time": 1783322413832
      },
      {
        "price": 62986.01,
        "qty": 0.91429,
        "side": "buy",
        "value": 57587.479082900005,
        "time": 1783322417397
      },
      {
        "price": 62986.01,
        "qty": 0.80276,
        "side": "buy",
        "value": 50562.6493876,
        "time": 1783322417397
      },
      {
        "price": 62986.01,
        "qty": 1.90325,
        "side": "buy",
        "value": 119878.12353250002,
        "time": 1783322417397
      },
      {
        "price": 62986.11,
        "qty": 0.8797,
        "side": "buy",
        "value": 55408.880967000005,
        "time": 1783322448705
      },
      {
        "price": 62986.11,
        "qty": 1.10554,
        "side": "buy",
        "value": 69633.6640494,
        "time": 1783322448707
      },
      {
        "price": 62976.01,
        "qty": 0.85195,
        "side": "buy",
        "value": 53652.4117195,
        "time": 1783322478452
      },
      {
        "price": 62990.01,
        "qty": 1.00001,
        "side": "buy",
        "value": 62990.6399001,
        "time": 1783322483495
      },
      {
        "price": 63000,
        "qty": 0.87275,
        "side": "buy",
        "value": 54983.25,
        "time": 1783322495077
      },
      {
        "price": 63022.15,
        "qty": 1.10502,
        "side": "buy",
        "value": 69640.73619299999,
        "time": 1783322541954
      },
      {
        "price": 63000.16,
        "qty": 0.802,
        "side": "buy",
        "value": 50526.12832,
        "time": 1783322658223
      },
      {
        "price": 63008.26,
        "qty": 1.32317,
        "side": "buy",
        "value": 83370.6393842,
        "time": 1783322791704
      },
      {
        "price": 63008.26,
        "qty": 1.90325,
        "side": "buy",
        "value": 119920.470845,
        "time": 1783322791705
      },
      {
        "price": 63008.26,
        "qty": 0.97545,
        "side": "buy",
        "value": 61461.40721700001,
        "time": 1783322791705
      },
      {
        "price": 63008.26,
        "qty": 1.0194,
        "side": "buy",
        "value": 64230.620244000005,
        "time": 1783322798044
      },
      {
        "price": 63009.95,
        "qty": 1.1626,
        "side": "buy",
        "value": 73255.36787,
        "time": 1783322798047
      },
      {
        "price": 63009.96,
        "qty": 1.90325,
        "side": "buy",
        "value": 119923.70637,
        "time": 1783322798047
      },
      {
        "price": 63026.48,
        "qty": 1.90325,
        "side": "buy",
        "value": 119955.14806,
        "time": 1783322853345
      },
      {
        "price": 63026.48,
        "qty": 1.06733,
        "side": "sell",
        "value": 67270.0528984,
        "time": 1783322865565
      },
      {
        "price": 63009.96,
        "qty": 1.13039,
        "side": "sell",
        "value": 71225.8286844,
        "time": 1783322898601
      },
      {
        "price": 63008.6,
        "qty": 1.27627,
        "side": "sell",
        "value": 80415.98592199999,
        "time": 1783322898614
      },
      {
        "price": 62971.99,
        "qty": 1.99999,
        "side": "sell",
        "value": 125943.35028009998,
        "time": 1783322977371
      },
      {
        "price": 62971.99,
        "qty": 1,
        "side": "sell",
        "value": 62971.99,
        "time": 1783323002343
      },
      {
        "price": 62962,
        "qty": 2.40218,
        "side": "sell",
        "value": 151246.05716,
        "time": 1783323009900
      },
      {
        "price": 62952.04,
        "qty": 0.986,
        "side": "sell",
        "value": 62070.71144,
        "time": 1783323011353
      },
      {
        "price": 62952.04,
        "qty": 4.57461,
        "side": "sell",
        "value": 287981.03170439997,
        "time": 1783323011356
      },
      {
        "price": 62950.99,
        "qty": 1.86037,
        "side": "sell",
        "value": 117112.1332663,
        "time": 1783323025286
      },
      {
        "price": 62946,
        "qty": 1.7317,
        "side": "sell",
        "value": 109003.5882,
        "time": 1783323027690
      },
      {
        "price": 62945.34,
        "qty": 3,
        "side": "sell",
        "value": 188836.02,
        "time": 1783323033127
      },
      {
        "price": 62927.63,
        "qty": 0.84555,
        "side": "sell",
        "value": 53208.4575465,
        "time": 1783323040001
      },
      {
        "price": 62927.63,
        "qty": 1.16377,
        "side": "sell",
        "value": 73233.2879651,
        "time": 1783323057515
      }
    ]
  },
  "depthImportant": {
    "buys": [
      {
        "side": "buy",
        "layer": 1,
        "price": 62923.99,
        "qty": 4.73984,
        "cumulative": 4.73984
      },
      {
        "side": "buy",
        "layer": 22,
        "price": 62920.75,
        "qty": 0.25693,
        "cumulative": 8.659170000000001
      },
      {
        "side": "buy",
        "layer": 23,
        "price": 62920.74,
        "qty": 0.38898,
        "cumulative": 8.40224
      },
      {
        "side": "buy",
        "layer": 24,
        "price": 62920.73,
        "qty": 0.94553,
        "cumulative": 8.01326
      },
      {
        "side": "buy",
        "layer": 26,
        "price": 62920.7,
        "qty": 2.32789,
        "cumulative": 7.06773
      },
      {
        "side": "buy",
        "layer": 51,
        "price": 62917.41,
        "qty": 0.79532,
        "cumulative": 12.3327
      },
      {
        "side": "buy",
        "layer": 56,
        "price": 62917,
        "qty": 0.97496,
        "cumulative": 11.53738
      },
      {
        "side": "buy",
        "layer": 76,
        "price": 62915.26,
        "qty": 1.90325,
        "cumulative": 10.562420000000001
      },
      {
        "side": "buy",
        "layer": 79,
        "price": 62915.08,
        "qty": 0.38105,
        "cumulative": 12.713750000000001
      },
      {
        "side": "buy",
        "layer": 100,
        "price": 62912.19,
        "qty": 0.38096,
        "cumulative": 13.094710000000001
      },
      {
        "side": "buy",
        "layer": 120,
        "price": 62909.56,
        "qty": 2.76041,
        "cumulative": 15.855120000000001
      },
      {
        "side": "buy",
        "layer": 145,
        "price": 62905.77,
        "qty": 1.90325,
        "cumulative": 17.758370000000003
      },
      {
        "side": "buy",
        "layer": 151,
        "price": 62904.98,
        "qty": 1.60242,
        "cumulative": 23.16729
      },
      {
        "side": "buy",
        "layer": 175,
        "price": 62901.9,
        "qty": 1.90325,
        "cumulative": 19.661620000000003
      },
      {
        "side": "buy",
        "layer": 200,
        "price": 62897.94,
        "qty": 1.90325,
        "cumulative": 21.564870000000003
      },
      {
        "side": "buy",
        "layer": 281,
        "price": 62886.05,
        "qty": 2.28421,
        "cumulative": 42.20508
      },
      {
        "side": "buy",
        "layer": 396,
        "price": 62863,
        "qty": 4.77712,
        "cumulative": 32.72352
      },
      {
        "side": "buy",
        "layer": 412,
        "price": 62858.84,
        "qty": 3.76845,
        "cumulative": 36.49197
      },
      {
        "side": "buy",
        "layer": 431,
        "price": 62854.26,
        "qty": 3.4289,
        "cumulative": 39.92087
      },
      {
        "side": "buy",
        "layer": 494,
        "price": 62837.58,
        "qty": 4.77911,
        "cumulative": 27.9464
      },
      {
        "side": "buy",
        "layer": 953,
        "price": 60000,
        "qty": 619.23908,
        "cumulative": 661.4441599999999
      },
      {
        "side": "buy",
        "layer": 971,
        "price": 59000,
        "qty": 62.25997,
        "cumulative": 1269.0876999999998
      },
      {
        "side": "buy",
        "layer": 987,
        "price": 58000,
        "qty": 110.65422,
        "cumulative": 1206.8277299999997
      },
      {
        "side": "buy",
        "layer": 993,
        "price": 57500,
        "qty": 180.60053,
        "cumulative": 1096.1735099999999
      },
      {
        "side": "buy",
        "layer": 994,
        "price": 57000,
        "qty": 254.12882,
        "cumulative": 915.5729799999999
      }
    ],
    "sells": [
      {
        "side": "sell",
        "layer": 21,
        "price": 62927.63,
        "qty": 0.11359,
        "cumulative": 1.1091900000000001
      },
      {
        "side": "sell",
        "layer": 37,
        "price": 62930.44,
        "qty": 0.13259,
        "cumulative": 0.86549
      },
      {
        "side": "sell",
        "layer": 40,
        "price": 62930.75,
        "qty": 0.38096,
        "cumulative": 0.38096
      },
      {
        "side": "sell",
        "layer": 46,
        "price": 62932.18,
        "qty": 0.35194,
        "cumulative": 0.7329
      },
      {
        "side": "sell",
        "layer": 49,
        "price": 62932.97,
        "qty": 0.13011,
        "cumulative": 0.9956
      },
      {
        "side": "sell",
        "layer": 72,
        "price": 62935.59,
        "qty": 1,
        "cumulative": 6.866479999999999
      },
      {
        "side": "sell",
        "layer": 83,
        "price": 62937.52,
        "qty": 0.4956,
        "cumulative": 7.362079999999999
      },
      {
        "side": "sell",
        "layer": 84,
        "price": 62937.53,
        "qty": 1.28064,
        "cumulative": 4.67404
      },
      {
        "side": "sell",
        "layer": 85,
        "price": 62937.54,
        "qty": 2.28421,
        "cumulative": 3.3933999999999997
      },
      {
        "side": "sell",
        "layer": 92,
        "price": 62938.15,
        "qty": 1.19244,
        "cumulative": 5.866479999999999
      },
      {
        "side": "sell",
        "layer": 106,
        "price": 62940.21,
        "qty": 1.28817,
        "cumulative": 12.45675
      },
      {
        "side": "sell",
        "layer": 117,
        "price": 62941.36,
        "qty": 1.90325,
        "cumulative": 9.265329999999999
      },
      {
        "side": "sell",
        "layer": 146,
        "price": 62944.8,
        "qty": 0.79536,
        "cumulative": 13.25211
      },
      {
        "side": "sell",
        "layer": 160,
        "price": 62947.04,
        "qty": 0.67636,
        "cumulative": 13.92847
      },
      {
        "side": "sell",
        "layer": 169,
        "price": 62948.92,
        "qty": 1.90325,
        "cumulative": 11.168579999999999
      },
      {
        "side": "sell",
        "layer": 408,
        "price": 62989.63,
        "qty": 4.76752,
        "cumulative": 18.695990000000002
      },
      {
        "side": "sell",
        "layer": 463,
        "price": 63000.43,
        "qty": 2.61903,
        "cumulative": 28.81871
      },
      {
        "side": "sell",
        "layer": 476,
        "price": 63002.34,
        "qty": 3.75987,
        "cumulative": 22.45586
      },
      {
        "side": "sell",
        "layer": 481,
        "price": 63003.13,
        "qty": 3.74382,
        "cumulative": 26.19968
      },
      {
        "side": "sell",
        "layer": 482,
        "price": 63003.76,
        "qty": 2.2118,
        "cumulative": 31.03051
      },
      {
        "side": "sell",
        "layer": 549,
        "price": 63017.8,
        "qty": 4.76539,
        "cumulative": 130.12617000000003
      },
      {
        "side": "sell",
        "layer": 761,
        "price": 63080.17,
        "qty": 6.44767,
        "cumulative": 120.20632000000002
      },
      {
        "side": "sell",
        "layer": 946,
        "price": 63500,
        "qty": 18.15771,
        "cumulative": 113.75865000000002
      },
      {
        "side": "sell",
        "layer": 975,
        "price": 63800,
        "qty": 5.15446,
        "cumulative": 125.36078000000002
      },
      {
        "side": "sell",
        "layer": 998,
        "price": 64000,
        "qty": 64.57043,
        "cumulative": 95.60094000000001
      }
    ]
  },
  "updatedAt": 1783323120209
}